
<marc:record><marc:leader>00696cam a22001693  4500</marc:leader>
<marc:controlfield tag="001">000017832</marc:controlfield>
<marc:controlfield tag="003">Uk</marc:controlfield><marc:controlfield tag="005">20130520180000.0</marc:controlfield><marc:controlfield tag="008">981201|1893||||enk    ||     ||| |||||  </marc:controlfield><marc:datafield tag="040" ind1=" " ind2=" "><marc:subfield code="a">Uk</marc:subfield><marc:subfield code="c">Uk</marc:subfield></marc:datafield><marc:datafield tag="100" ind1="1" ind2=" "><marc:subfield code="a">ADDERLEY, James Granville,</marc:subfield><marc:subfield code="c">Hon.</marc:subfield></marc:datafield><marc:datafield tag="245" ind1="1" ind2="0"><marc:subfield code="a">Stephen Remarx. The story of a venture in ethics.</marc:subfield></marc:datafield><marc:datafield tag="260" ind1=" " ind2=" "><marc:subfield code="a">London :</marc:subfield><marc:subfield code="b">E. Arnold,</marc:subfield><marc:subfield code="c">1893.</marc:subfield></marc:datafield><marc:datafield tag="300" ind1=" " ind2=" "><marc:subfield code="a">150 p. ;</marc:subfield><marc:subfield code="c">8º.</marc:subfield></marc:datafield><marc:datafield tag="775" ind1="0" ind2=" "><marc:subfield code="t">[Stephen Remarx. The story of a venture in ethics.]</marc:subfield><marc:subfield code="d">pp. 64. George Newnes: London, [1901.] 8º.</marc:subfield><marc:subfield code="w">(Uk)MP1.0000020027.1</marc:subfield></marc:datafield><marc:datafield tag="775" ind1="0" ind2=" "><marc:subfield code="t">[Stephen Remarx. The story of a venture in ethics.]</marc:subfield><marc:subfield code="d">pp. xii. 113. S. C. Brown, Langham &amp; Co.: London, 1904. 8º.</marc:subfield><marc:subfield code="w">(Uk)MP1.0000020027.2</marc:subfield></marc:datafield><marc:datafield tag="852" ind1="4" ind2="1"><marc:subfield code="a">British Library</marc:subfield><marc:subfield code="b">HMNTS</marc:subfield><marc:subfield code="j">4399.ee.3.</marc:subfield></marc:datafield></marc:record>