
<marc:record><marc:leader>00409cam a22001453  4500</marc:leader>
<marc:controlfield tag="001">000017839</marc:controlfield>
<marc:controlfield tag="003">Uk</marc:controlfield><marc:controlfield tag="005">20130523175500.0</marc:controlfield><marc:controlfield tag="008">870814|1891||||enk    ||     ||| |||||  </marc:controlfield><marc:datafield tag="040" ind1=" " ind2=" "><marc:subfield code="a">Uk</marc:subfield><marc:subfield code="c">Uk</marc:subfield></marc:datafield><marc:datafield tag="100" ind1="1" ind2=" "><marc:subfield code="a">ADDERLEY, Reginald Edmund,</marc:subfield><marc:subfield code="c">Hon.</marc:subfield></marc:datafield><marc:datafield tag="245" ind1="1" ind2="0"><marc:subfield code="a">At the Holy Communion. A simple manual, etc.</marc:subfield></marc:datafield><marc:datafield tag="260" ind1=" " ind2=" "><marc:subfield code="a">Oxford :</marc:subfield><marc:subfield code="b">Mowbray &amp; Co.,</marc:subfield><marc:subfield code="c">[1891]</marc:subfield></marc:datafield><marc:datafield tag="300" ind1=" " ind2=" "><marc:subfield code="a">49 p. ;</marc:subfield><marc:subfield code="c">16º.</marc:subfield></marc:datafield><marc:datafield tag="852" ind1="4" ind2="1"><marc:subfield code="a">British Library</marc:subfield><marc:subfield code="b">HMNTS</marc:subfield><marc:subfield code="j">3456.a.82.</marc:subfield></marc:datafield></marc:record>