
<marc:record><marc:leader>00491cam a22001453  4500</marc:leader>
<marc:controlfield tag="001">000017884</marc:controlfield>
<marc:controlfield tag="003">Uk</marc:controlfield><marc:controlfield tag="005">20130710174500.0</marc:controlfield><marc:controlfield tag="008">870814|1807||||enk    ||     ||| |||||  </marc:controlfield><marc:datafield tag="040" ind1=" " ind2=" "><marc:subfield code="a">Uk</marc:subfield><marc:subfield code="c">Uk</marc:subfield></marc:datafield><marc:datafield tag="100" ind1="1" ind2=" "><marc:subfield code="a">Sidmouth, Henry Addington,</marc:subfield><marc:subfield code="c">Viscount,</marc:subfield><marc:subfield code="d">1757-1844</marc:subfield></marc:datafield><marc:datafield tag="245" ind1="1" ind2="0"><marc:subfield code="a">Substance of the Speech of Lord Viscount Sidmouth ... in the House of Lords on ... April 13, 1807. Third edition.</marc:subfield></marc:datafield><marc:datafield tag="260" ind1=" " ind2=" "><marc:subfield code="a">London :</marc:subfield><marc:subfield code="b">J. Hatchard,</marc:subfield><marc:subfield code="c">1807.</marc:subfield></marc:datafield><marc:datafield tag="300" ind1=" " ind2=" "><marc:subfield code="a">28 p. ;</marc:subfield><marc:subfield code="c">8º.</marc:subfield></marc:datafield><marc:datafield tag="852" ind1="4" ind2="1"><marc:subfield code="a">British Library</marc:subfield><marc:subfield code="b">HMNTS</marc:subfield><marc:subfield code="j">8140.aa.60.</marc:subfield></marc:datafield></marc:record>