
<marc:record><marc:leader>01622cam a22002053  4500</marc:leader>
<marc:controlfield tag="001">000017888</marc:controlfield>
<marc:controlfield tag="003">Uk</marc:controlfield><marc:controlfield tag="005">20130710174500.0</marc:controlfield><marc:controlfield tag="008">870814|1803||||enk    ||     ||| |||||  </marc:controlfield><marc:datafield tag="040" ind1=" " ind2=" "><marc:subfield code="a">Uk</marc:subfield><marc:subfield code="c">Uk</marc:subfield></marc:datafield><marc:datafield tag="100" ind1="1" ind2=" "><marc:subfield code="a">Sidmouth, Henry Addington,</marc:subfield><marc:subfield code="c">Viscount,</marc:subfield><marc:subfield code="d">1757-1844</marc:subfield></marc:datafield><marc:datafield tag="245" ind1="1" ind2="2"><marc:subfield code="a">A Few Cursory Remarks upon the State of Parties, during the administration of the Right Honourable Henry Addington. By a Near Observer [Thomas Richard Bentley?] The fourth edition, corrected.</marc:subfield></marc:datafield><marc:datafield tag="260" ind1=" " ind2=" "><marc:subfield code="a">London :</marc:subfield><marc:subfield code="b">J. Hatchard,</marc:subfield><marc:subfield code="c">1803.</marc:subfield></marc:datafield><marc:datafield tag="300" ind1=" " ind2=" "><marc:subfield code="a">84 p. ;</marc:subfield><marc:subfield code="c">8º.</marc:subfield></marc:datafield><marc:datafield tag="700" ind1="1" ind2=" "><marc:subfield code="a">BENTLEY, Thomas Richard.</marc:subfield></marc:datafield><marc:datafield tag="775" ind1="0" ind2=" "><marc:subfield code="t">[A Few Cursory Remarks upon the State of Parties, during the administration of the Right Honourable Henry Addington. By a Near Observer [Thomas Richard Bentley?] The fourth edition, corrected.]</marc:subfield><marc:subfield code="d">pp. 84. J. Hatchard: London, 1803. 8º.</marc:subfield><marc:subfield code="w">(Uk)MP1.0000020089.1</marc:subfield></marc:datafield><marc:datafield tag="775" ind1="0" ind2=" "><marc:subfield code="t">[A Few Cursory Remarks upon the State of Parties, during the administration of the Right Honourable Henry Addington. By a Near Observer [Thomas Richard Bentley?] The fourth edition, corrected.]</marc:subfield><marc:subfield code="d">pp. 84. J. Hatchard: London, 1803. 8º.</marc:subfield><marc:subfield code="w">(Uk)MP1.0000020089.2</marc:subfield></marc:datafield><marc:datafield tag="775" ind1="0" ind2=" "><marc:subfield code="t">[A Few Cursory Remarks upon the State of Parties, during the administration of the Right Honourable Henry Addington. By a Near Observer [Thomas Richard Bentley?] The fourth edition, corrected.]</marc:subfield><marc:subfield code="d">pp. xx. 50. J. Milliken: Dublin, 1803. 8º.</marc:subfield><marc:subfield code="w">(Uk)MP1.0000020089.4</marc:subfield></marc:datafield><marc:datafield tag="852" ind1="4" ind2="1"><marc:subfield code="a">British Library</marc:subfield><marc:subfield code="b">HMNTS</marc:subfield><marc:subfield code="j">8135.d.3.</marc:subfield></marc:datafield><marc:datafield tag="886" ind1="2" ind2=" "><marc:subfield code="2">blmarc</marc:subfield><marc:subfield code="a">709</marc:subfield><marc:subfield code="b">00</marc:subfield><marc:subfield code="a">BENTLEY</marc:subfield><marc:subfield code="h">Thomas Richard</marc:subfield><marc:subfield code="p">C.108.bbb.40.(5.)</marc:subfield><marc:subfield code="x">0253540240</marc:subfield><marc:subfield code="p">103.f.35.</marc:subfield><marc:subfield code="x">0253540240</marc:subfield><marc:subfield code="p">8052.e.121.(3.)</marc:subfield><marc:subfield code="x">0253540240</marc:subfield><marc:subfield code="p">8135.d.3.</marc:subfield><marc:subfield code="x">0253540240</marc:subfield><marc:subfield code="p">8135.f.37.(1.)</marc:subfield><marc:subfield code="x">0253540240</marc:subfield></marc:datafield></marc:record>