
<marc:record><marc:leader>00869cam a22002053  4500</marc:leader>
<marc:controlfield tag="001">000017892</marc:controlfield>
<marc:controlfield tag="003">Uk</marc:controlfield><marc:controlfield tag="005">20120120152600.0</marc:controlfield><marc:controlfield tag="008">950210|1803|||||||    ||     ||| |||||  </marc:controlfield><marc:datafield tag="040" ind1=" " ind2=" "><marc:subfield code="a">Uk</marc:subfield><marc:subfield code="c">Uk</marc:subfield></marc:datafield><marc:datafield tag="100" ind1="1" ind2=" "><marc:subfield code="a">Sidmouth, Henry Addington,</marc:subfield><marc:subfield code="c">Viscount,</marc:subfield><marc:subfield code="d">1757-1844</marc:subfield></marc:datafield><marc:datafield tag="240" ind1="1" ind2="0"><marc:subfield code="a">A Few Cursory Remarks upon the State of Parties.</marc:subfield></marc:datafield><marc:datafield tag="245" ind1="1" ind2="0"><marc:subfield code="a">Observations occasioned by the pamphlet called Cursory Remarks, or, a comparative glance at the political merits of the Right Hon. H. Addington and W. Pitt.</marc:subfield></marc:datafield><marc:datafield tag="260" ind1=" " ind2=" "><marc:subfield code="a">London :</marc:subfield><marc:subfield code="b">Jordan &amp; Maxwell,</marc:subfield><marc:subfield code="c">[1803]</marc:subfield></marc:datafield><marc:datafield tag="300" ind1=" " ind2=" "><marc:subfield code="a">26 p. ;</marc:subfield><marc:subfield code="c">8º.</marc:subfield></marc:datafield><marc:datafield tag="700" ind1="1" ind2=" "><marc:subfield code="a">BENTLEY, Thomas Richard.</marc:subfield></marc:datafield><marc:datafield tag="700" ind1="1" ind2=" "><marc:subfield code="a">Pitt, William,</marc:subfield><marc:subfield code="d">1759-1806</marc:subfield><marc:subfield code="t">Appendix.</marc:subfield></marc:datafield><marc:datafield tag="852" ind1="4" ind2="1"><marc:subfield code="a">British Library</marc:subfield><marc:subfield code="b">HMNTS</marc:subfield><marc:subfield code="j">1102.k.5.</marc:subfield></marc:datafield><marc:datafield tag="886" ind1="2" ind2=" "><marc:subfield code="2">blmarc</marc:subfield><marc:subfield code="a">709</marc:subfield><marc:subfield code="b">00</marc:subfield><marc:subfield code="a">BENTLEY</marc:subfield><marc:subfield code="h">Thomas Richard</marc:subfield><marc:subfield code="p">1102.k.5.</marc:subfield><marc:subfield code="x">0253550009</marc:subfield></marc:datafield><marc:datafield tag="886" ind1="2" ind2=" "><marc:subfield code="2">blmarc</marc:subfield><marc:subfield code="a">709</marc:subfield><marc:subfield code="b">00</marc:subfield><marc:subfield code="a">PITT</marc:subfield><marc:subfield code="e">Right Hon.</marc:subfield><marc:subfield code="h">William</marc:subfield><marc:subfield code="t">Appendix</marc:subfield><marc:subfield code="p">1102.k.5.</marc:subfield><marc:subfield code="x">2600410139</marc:subfield></marc:datafield></marc:record>