
<marc:record><marc:leader>00760cam a22001813  4500</marc:leader>
<marc:controlfield tag="001">000017893</marc:controlfield>
<marc:controlfield tag="003">Uk</marc:controlfield><marc:controlfield tag="005">20111222151700.0</marc:controlfield><marc:controlfield tag="008">950210|1803|||||||    ||     ||| |||||  </marc:controlfield><marc:datafield tag="040" ind1=" " ind2=" "><marc:subfield code="a">Uk</marc:subfield><marc:subfield code="c">Uk</marc:subfield></marc:datafield><marc:datafield tag="100" ind1="1" ind2=" "><marc:subfield code="a">Sidmouth, Henry Addington,</marc:subfield><marc:subfield code="c">Viscount,</marc:subfield><marc:subfield code="d">1757-1844</marc:subfield></marc:datafield><marc:datafield tag="240" ind1="1" ind2="0"><marc:subfield code="a">A Few Cursory Remarks upon the State of Parties.</marc:subfield></marc:datafield><marc:datafield tag="245" ind1="1" ind2="0"><marc:subfield code="a">Observations on a Ministerial Pamphlet entitled, Cursory Remarks of a Near Observer upon the State of Parties during the administration of the Right Honorable Henry Addington; by an Anxious Spectator.</marc:subfield></marc:datafield><marc:datafield tag="260" ind1=" " ind2=" "><marc:subfield code="a">London :</marc:subfield><marc:subfield code="b">J. Ginger,</marc:subfield><marc:subfield code="c">1803.</marc:subfield></marc:datafield><marc:datafield tag="300" ind1=" " ind2=" "><marc:subfield code="a">44 p. ;</marc:subfield><marc:subfield code="c">8º.</marc:subfield></marc:datafield><marc:datafield tag="700" ind1="1" ind2=" "><marc:subfield code="a">BENTLEY, Thomas Richard.</marc:subfield></marc:datafield><marc:datafield tag="852" ind1="4" ind2="1"><marc:subfield code="a">British Library</marc:subfield><marc:subfield code="b">HMNTS</marc:subfield><marc:subfield code="j">8135.e.6.</marc:subfield></marc:datafield><marc:datafield tag="886" ind1="2" ind2=" "><marc:subfield code="2">blmarc</marc:subfield><marc:subfield code="a">709</marc:subfield><marc:subfield code="b">00</marc:subfield><marc:subfield code="a">BENTLEY</marc:subfield><marc:subfield code="h">Thomas Richard</marc:subfield><marc:subfield code="p">8135.e.6.</marc:subfield><marc:subfield code="x">0253550017</marc:subfield></marc:datafield></marc:record>