
<marc:record><marc:leader>00459cam a22001453  4500</marc:leader>
<marc:controlfield tag="001">000017894</marc:controlfield>
<marc:controlfield tag="003">Uk</marc:controlfield><marc:controlfield tag="005">20120725174100.0</marc:controlfield><marc:controlfield tag="008">870814|1844|||||||    ||     ||| |||||  </marc:controlfield><marc:datafield tag="040" ind1=" " ind2=" "><marc:subfield code="a">Uk</marc:subfield><marc:subfield code="c">Uk</marc:subfield></marc:datafield><marc:datafield tag="100" ind1="1" ind2=" "><marc:subfield code="a">Sidmouth, Henry Addington,</marc:subfield><marc:subfield code="c">Viscount,</marc:subfield><marc:subfield code="d">1757-1844</marc:subfield></marc:datafield><marc:datafield tag="245" ind1="1" ind2="0"><marc:subfield code="a">Begin. In pia Memoria. [The text of an inscription in commemoration of Viscount Sidmouth.]</marc:subfield></marc:datafield><marc:datafield tag="260" ind1=" " ind2=" "><marc:subfield code="c">[1844]</marc:subfield></marc:datafield><marc:datafield tag="300" ind1=" " ind2=" "><marc:subfield code="a">1 sheet ;</marc:subfield><marc:subfield code="c">obl. 16º.</marc:subfield></marc:datafield><marc:datafield tag="852" ind1="4" ind2="1"><marc:subfield code="a">British Library</marc:subfield><marc:subfield code="b">HMNTS</marc:subfield><marc:subfield code="j">L.R.110.d.6.(46.)</marc:subfield></marc:datafield></marc:record>