
<marc:record><marc:leader>00566cam a22001453  4500</marc:leader>
<marc:controlfield tag="001">000017896</marc:controlfield>
<marc:controlfield tag="003">Uk</marc:controlfield><marc:controlfield tag="005">20110421155500.0</marc:controlfield><marc:controlfield tag="008">870814|1817|||||||    ||     ||| |||||  </marc:controlfield><marc:datafield tag="040" ind1=" " ind2=" "><marc:subfield code="a">Uk</marc:subfield><marc:subfield code="c">Uk</marc:subfield></marc:datafield><marc:datafield tag="100" ind1="1" ind2=" "><marc:subfield code="a">Sidmouth, Henry Addington,</marc:subfield><marc:subfield code="c">Viscount,</marc:subfield><marc:subfield code="d">1757-1844</marc:subfield></marc:datafield><marc:datafield tag="245" ind1="1" ind2="2"><marc:subfield code="a">A Letter to the Right Honorable Lord Viscount Sidmouth ... on the subject of the Present Defective System of Licensing Public Houses and Liquor-Shops ... By a Licensed Victualler.</marc:subfield></marc:datafield><marc:datafield tag="260" ind1=" " ind2=" "><marc:subfield code="a">London :</marc:subfield><marc:subfield code="b">Printed for the Author,</marc:subfield><marc:subfield code="c">1817.</marc:subfield></marc:datafield><marc:datafield tag="300" ind1=" " ind2=" "><marc:subfield code="a">74 p. ;</marc:subfield><marc:subfield code="c">8º.</marc:subfield></marc:datafield><marc:datafield tag="852" ind1="4" ind2="1"><marc:subfield code="a">British Library</marc:subfield><marc:subfield code="b">HMNTS</marc:subfield><marc:subfield code="j">1103.h.6.</marc:subfield></marc:datafield></marc:record>