
<marc:record><marc:leader>00712cam a22001573  4500</marc:leader>
<marc:controlfield tag="001">000017906</marc:controlfield>
<marc:controlfield tag="003">Uk</marc:controlfield><marc:controlfield tag="005">20130709170300.0</marc:controlfield><marc:controlfield tag="008">870814|1883||||enk    ||     ||| |||||  </marc:controlfield><marc:datafield tag="040" ind1=" " ind2=" "><marc:subfield code="a">Uk</marc:subfield><marc:subfield code="c">Uk</marc:subfield></marc:datafield><marc:datafield tag="100" ind1="1" ind2=" "><marc:subfield code="a">ADDINGTON, S.,</marc:subfield><marc:subfield code="c">Collector.</marc:subfield></marc:datafield><marc:datafield tag="245" ind1="1" ind2="0"><marc:subfield code="a">Catalogue of the Choice Collection of Old English Miniatures, and plates to Turner's 'Liber Studiorum,' the property of S. Addington ... which will be sold by auction by Messrs. Christie, Manson &amp; Woods ... April 26, 1883, etc. Ms. prices &amp; notes.</marc:subfield></marc:datafield><marc:datafield tag="260" ind1=" " ind2=" "><marc:subfield code="a">London :</marc:subfield><marc:subfield code="b">William Clowes &amp; Sons,</marc:subfield><marc:subfield code="c">[1883]</marc:subfield></marc:datafield><marc:datafield tag="300" ind1=" " ind2=" "><marc:subfield code="a">14 p. ;</marc:subfield><marc:subfield code="c">8º.</marc:subfield></marc:datafield><marc:datafield tag="500" ind1=" " ind2=" "><marc:subfield code="a">Another copy forms part of the library's general collection of Christie catalogues.</marc:subfield></marc:datafield><marc:datafield tag="852" ind1="4" ind2="1"><marc:subfield code="a">British Library</marc:subfield><marc:subfield code="b">HMNTS</marc:subfield><marc:subfield code="j">S.C.1554.</marc:subfield></marc:datafield></marc:record>