
<marc:record><marc:leader>00519cam a22001453  4500</marc:leader>
<marc:controlfield tag="001">000017969</marc:controlfield>
<marc:controlfield tag="003">Uk</marc:controlfield><marc:controlfield tag="005">20111027081900.0</marc:controlfield><marc:controlfield tag="008">870814|1894|||||||    ||     ||| |||||  </marc:controlfield><marc:datafield tag="040" ind1=" " ind2=" "><marc:subfield code="a">Uk</marc:subfield><marc:subfield code="c">Uk</marc:subfield></marc:datafield><marc:datafield tag="100" ind1="1" ind2=" "><marc:subfield code="a">Addis, William E.</marc:subfield><marc:subfield code="q">(William Edward),</marc:subfield><marc:subfield code="d">1844-1917.</marc:subfield></marc:datafield><marc:datafield tag="245" ind1="1" ind2="0"><marc:subfield code="a">Religion and Culture. [A sermon.]</marc:subfield></marc:datafield><marc:datafield tag="580" ind1=" " ind2=" "><marc:subfield code="a">In : Bowie (W. C.) The Verities of Religion, etc. 1894. 8º.</marc:subfield></marc:datafield><marc:datafield tag="775" ind1="0" ind2=" "><marc:subfield code="t">[Religion and Culture. [A sermon.]]</marc:subfield><marc:subfield code="d">Philip Green: London, 1894. 8º.</marc:subfield><marc:subfield code="w">(Uk)MP1.0000020168.1</marc:subfield></marc:datafield><marc:datafield tag="852" ind1="4" ind2="1"><marc:subfield code="a">British Library</marc:subfield><marc:subfield code="b">HMNTS</marc:subfield><marc:subfield code="j">4463.bb.2.</marc:subfield></marc:datafield></marc:record>