
<marc:record><marc:leader>01260cam a22002173  4500</marc:leader>
<marc:controlfield tag="001">000017973</marc:controlfield>
<marc:controlfield tag="003">Uk</marc:controlfield><marc:controlfield tag="005">20111027084502.0</marc:controlfield><marc:controlfield tag="008">870814|1897||||enk    ||     ||| |||||  </marc:controlfield><marc:datafield tag="040" ind1=" " ind2=" "><marc:subfield code="a">Uk</marc:subfield><marc:subfield code="c">Uk</marc:subfield></marc:datafield><marc:datafield tag="100" ind1="1" ind2=" "><marc:subfield code="a">Addis, William E.</marc:subfield><marc:subfield code="q">(William Edward),</marc:subfield><marc:subfield code="d">1844-1917.</marc:subfield></marc:datafield><marc:datafield tag="245" ind1="1" ind2="3"><marc:subfield code="a">[A Catholic Dictionary containing some account of the Doctrine ... Ceremonies, Councils, and Religious Orders of the Catholic Church.]</marc:subfield></marc:datafield><marc:datafield tag="250" ind1=" " ind2=" "><marc:subfield code="a">Fifth edition.</marc:subfield></marc:datafield><marc:datafield tag="260" ind1=" " ind2=" "><marc:subfield code="a">London :</marc:subfield><marc:subfield code="b">Kegan Paul &amp; Co.,</marc:subfield><marc:subfield code="c">1897.</marc:subfield></marc:datafield><marc:datafield tag="300" ind1=" " ind2=" "><marc:subfield code="a">viii, 961 p. ;</marc:subfield><marc:subfield code="c">8º.</marc:subfield></marc:datafield><marc:datafield tag="700" ind1="1" ind2=" "><marc:subfield code="a">SCANNELL, Thomas B.</marc:subfield></marc:datafield><marc:datafield tag="700" ind1="1" ind2=" "><marc:subfield code="a">Arnold, Thomas,</marc:subfield><marc:subfield code="d">1823-1900.</marc:subfield></marc:datafield><marc:datafield tag="787" ind1="0" ind2=" "><marc:subfield code="t">A Catholic Dictionary containing some account of the Doctrine ... Ceremonies, Councils, and Religious Orders of the Catholic Church.</marc:subfield><marc:subfield code="w">(Uk)MP1.0000020169</marc:subfield><marc:subfield code="d">pp. vi. 893. Kegan Paul &amp; Co.: London, 1884. 8º.</marc:subfield></marc:datafield><marc:datafield tag="852" ind1="4" ind2="1"><marc:subfield code="a">British Library</marc:subfield><marc:subfield code="b">HMNTS</marc:subfield><marc:subfield code="j">3477.dd.29.</marc:subfield></marc:datafield><marc:datafield tag="886" ind1="2" ind2=" "><marc:subfield code="2">blmarc</marc:subfield><marc:subfield code="a">709</marc:subfield><marc:subfield code="b">00</marc:subfield><marc:subfield code="a">ARNOLD</marc:subfield><marc:subfield code="h">Thomas</marc:subfield><marc:subfield code="f">M.A., of University College, Oxford</marc:subfield><marc:subfield code="p">3475.h.12.</marc:subfield><marc:subfield code="x">0114840288</marc:subfield><marc:subfield code="p">3477.d.5.</marc:subfield><marc:subfield code="x">0114840288</marc:subfield><marc:subfield code="p">3477.dd.28.</marc:subfield><marc:subfield code="x">0114840288</marc:subfield><marc:subfield code="p">3477.dd.29.</marc:subfield><marc:subfield code="x">0114840288</marc:subfield><marc:subfield code="p">3478.h.37.</marc:subfield><marc:subfield code="x">0114840288</marc:subfield><marc:subfield code="p">3479.d.13.</marc:subfield><marc:subfield code="x">0114840288</marc:subfield></marc:datafield><marc:datafield tag="886" ind1="2" ind2=" "><marc:subfield code="2">blmarc</marc:subfield><marc:subfield code="a">709</marc:subfield><marc:subfield code="b">00</marc:subfield><marc:subfield code="a">SCANNELL</marc:subfield><marc:subfield code="h">Thomas B.</marc:subfield><marc:subfield code="p">3475.h.12.</marc:subfield><marc:subfield code="x">2912940230</marc:subfield><marc:subfield code="p">3477.dd.28.</marc:subfield><marc:subfield code="x">2912940214</marc:subfield><marc:subfield code="p">3477.dd.29.</marc:subfield><marc:subfield code="x">2912940222</marc:subfield><marc:subfield code="p">3478.h.37.</marc:subfield><marc:subfield code="x">2912940249</marc:subfield><marc:subfield code="p">3479.d.13.</marc:subfield><marc:subfield code="x">2912940257</marc:subfield></marc:datafield></marc:record>