
<marc:record><marc:leader>00663cam a22001693  4500</marc:leader>
<marc:controlfield tag="001">000018032</marc:controlfield>
<marc:controlfield tag="003">Uk</marc:controlfield><marc:controlfield tag="005">20101223154100.0</marc:controlfield><marc:controlfield tag="008">870814|1803|||||||    ||     ||| ||eng  </marc:controlfield><marc:datafield tag="040" ind1=" " ind2=" "><marc:subfield code="a">Uk</marc:subfield><marc:subfield code="c">Uk</marc:subfield></marc:datafield><marc:datafield tag="100" ind1="1" ind2=" "><marc:subfield code="a">ADDISON, Alexander.</marc:subfield></marc:datafield><marc:datafield tag="245" ind1="1" ind2="4"><marc:subfield code="a">The Trial of Alexander Addison, Esq. ... on an impeachment ... before the Senate of the Commonwealth of Pennsylvania. Taken in shorthand by T. Lloyd.</marc:subfield></marc:datafield><marc:datafield tag="260" ind1=" " ind2=" "><marc:subfield code="a">pp. 154. 14. Lloyd &amp; Helmbold: Lancaster, 1803.</marc:subfield></marc:datafield><marc:datafield tag="300" ind1=" " ind2=" "><marc:subfield code="a">8º.</marc:subfield></marc:datafield><marc:datafield tag="700" ind1="1" ind2=" "><marc:subfield code="a">LLOYD, Thomas,</marc:subfield><marc:subfield code="c">Shorthand Writer, New York.</marc:subfield></marc:datafield><marc:datafield tag="852" ind1="4" ind2="1"><marc:subfield code="a">British Library</marc:subfield><marc:subfield code="b">HMNTS</marc:subfield><marc:subfield code="j">6751.e.9.</marc:subfield></marc:datafield><marc:datafield tag="886" ind1="2" ind2=" "><marc:subfield code="2">blmarc</marc:subfield><marc:subfield code="a">709</marc:subfield><marc:subfield code="b">00</marc:subfield><marc:subfield code="a">LLOYD</marc:subfield><marc:subfield code="h">Thomas</marc:subfield><marc:subfield code="f">Shorthand Writer, New York</marc:subfield><marc:subfield code="p">6751.e.9.</marc:subfield><marc:subfield code="x">1960120093</marc:subfield></marc:datafield></marc:record>