
<marc:record><marc:leader>01098 am a22001933  4500</marc:leader>
<marc:controlfield tag="001">000018044</marc:controlfield>
<marc:controlfield tag="003">Uk</marc:controlfield><marc:controlfield tag="005">20091125221900.0</marc:controlfield><marc:controlfield tag="008">971202|1838|||||||    ||     ||| |||||  </marc:controlfield><marc:datafield tag="040" ind1=" " ind2=" "><marc:subfield code="a">Uk</marc:subfield><marc:subfield code="c">Uk</marc:subfield></marc:datafield><marc:datafield tag="100" ind1="1" ind2=" "><marc:subfield code="a">ADDISON, Charles Greenstreet.</marc:subfield></marc:datafield><marc:datafield tag="245" ind1="1" ind2="0"><marc:subfield code="a">Damascus and Palmyra: a journey to the East. With a sketch of the state and prospects of Syria under Ibrahim Pasha. [With 10 illustrations by W. M. Thackeray.]</marc:subfield></marc:datafield><marc:datafield tag="260" ind1=" " ind2=" "><marc:subfield code="a">London :</marc:subfield><marc:subfield code="b">R. Bentley,</marc:subfield><marc:subfield code="c">1838.</marc:subfield></marc:datafield><marc:datafield tag="300" ind1=" " ind2=" "><marc:subfield code="a">2 vol. ;</marc:subfield><marc:subfield code="c">8º.</marc:subfield></marc:datafield><marc:datafield tag="700" ind1="1" ind2=" "><marc:subfield code="a">Thackeray, William Makepeace,</marc:subfield><marc:subfield code="d">1811-1863</marc:subfield><marc:subfield code="t">Miscellanea.</marc:subfield></marc:datafield><marc:datafield tag="852" ind1="4" ind2="1"><marc:subfield code="a">British Library</marc:subfield><marc:subfield code="b">HMNTS</marc:subfield><marc:subfield code="j">10077.de.19.</marc:subfield></marc:datafield><marc:datafield tag="852" ind1="4" ind2="1"><marc:subfield code="a">British Library</marc:subfield><marc:subfield code="b">HMNTS</marc:subfield><marc:subfield code="j">1046.k.6.</marc:subfield><marc:subfield code="3">[Another copy.]***Imperfect; wanting the plates at p. 234 and p. 255 of vol. 1.</marc:subfield></marc:datafield><marc:datafield tag="852" ind1="4" ind2="1"><marc:subfield code="a">British Library</marc:subfield><marc:subfield code="b">HMNTS</marc:subfield><marc:subfield code="j">C.193.a.30.</marc:subfield><marc:subfield code="3">[Another copy.]***Author's presentation copy to his niece, Ellen Lousia Addison, with Thackeray's receipt for his work on the illustrations tipped in. With the bookplate of the Brother Julian Collection, Manhattan College.</marc:subfield></marc:datafield><marc:datafield tag="886" ind1="2" ind2=" "><marc:subfield code="2">blmarc</marc:subfield><marc:subfield code="a">709</marc:subfield><marc:subfield code="b">00</marc:subfield><marc:subfield code="a">THACKERAY</marc:subfield><marc:subfield code="h">William Makepeace</marc:subfield><marc:subfield code="t">Miscellanea</marc:subfield><marc:subfield code="p">10077.de.19.</marc:subfield><marc:subfield code="x">3231990203</marc:subfield></marc:datafield></marc:record>