
<marc:record><marc:leader>00760cam a22001693  4500</marc:leader>
<marc:controlfield tag="001">000018045</marc:controlfield>
<marc:controlfield tag="003">Uk</marc:controlfield><marc:controlfield tag="005">20130708175200.0</marc:controlfield><marc:controlfield tag="008">870814|1842||||enk    ||     ||| ||eng  </marc:controlfield><marc:datafield tag="040" ind1=" " ind2=" "><marc:subfield code="a">Uk</marc:subfield><marc:subfield code="c">Uk</marc:subfield></marc:datafield><marc:datafield tag="100" ind1="1" ind2=" "><marc:subfield code="a">ADDISON, Charles Greenstreet.</marc:subfield></marc:datafield><marc:datafield tag="245" ind1="1" ind2="4"><marc:subfield code="a">The History of the Knights Templars, the Temple Church, and the Temple.</marc:subfield></marc:datafield><marc:datafield tag="260" ind1=" " ind2=" "><marc:subfield code="a">London :</marc:subfield><marc:subfield code="b">Longman &amp; Co.,</marc:subfield><marc:subfield code="c">1842.</marc:subfield></marc:datafield><marc:datafield tag="300" ind1=" " ind2=" "><marc:subfield code="a">xviii, 395 p. ;</marc:subfield><marc:subfield code="c">4º.</marc:subfield></marc:datafield><marc:datafield tag="775" ind1="0" ind2=" "><marc:subfield code="t">[The History of the Knights Templars, the Temple Church, and the Temple.]</marc:subfield><marc:subfield code="d">pp. xv. 559. Longman &amp; Co.: London, 1842. 8º.</marc:subfield><marc:subfield code="w">(Uk)MP1.0000020266.1</marc:subfield></marc:datafield><marc:datafield tag="775" ind1="0" ind2=" "><marc:subfield code="t">[The History of the Knights Templars, the Temple Church, and the Temple.]</marc:subfield><marc:subfield code="d">pp. vii. 315. Longman &amp; Co.: London, 1852. 8º.</marc:subfield><marc:subfield code="w">(Uk)MP1.0000020266.2</marc:subfield></marc:datafield><marc:datafield tag="852" ind1="4" ind2="1"><marc:subfield code="a">British Library</marc:subfield><marc:subfield code="b">HMNTS</marc:subfield><marc:subfield code="j">1367.i.23.</marc:subfield></marc:datafield></marc:record>