
<marc:record><marc:leader>02626cam a22003133  4500</marc:leader>
<marc:controlfield tag="001">000018049</marc:controlfield>
<marc:controlfield tag="003">Uk</marc:controlfield><marc:controlfield tag="005">20120203162600.0</marc:controlfield><marc:controlfield tag="008">990423|1847|||||||    ||     ||| |||||  </marc:controlfield><marc:datafield tag="040" ind1=" " ind2=" "><marc:subfield code="a">Uk</marc:subfield><marc:subfield code="c">Uk</marc:subfield></marc:datafield><marc:datafield tag="100" ind1="1" ind2=" "><marc:subfield code="a">ADDISON, Charles Greenstreet.</marc:subfield></marc:datafield><marc:datafield tag="245" ind1="1" ind2="2"><marc:subfield code="a">A Treatise on the Law of Contracts and parties to actions ex contractu.</marc:subfield></marc:datafield><marc:datafield tag="260" ind1=" " ind2=" "><marc:subfield code="a">London :</marc:subfield><marc:subfield code="b">W. Benning &amp; Co.,</marc:subfield><marc:subfield code="c">1847.</marc:subfield></marc:datafield><marc:datafield tag="300" ind1=" " ind2=" "><marc:subfield code="a">lxvii, 916 p. ;</marc:subfield><marc:subfield code="c">8º.</marc:subfield></marc:datafield><marc:datafield tag="500" ind1=" " ind2=" "><marc:subfield code="a">There is a second titlepage bearing the imprint of Owen Richards, and dated 1845.</marc:subfield></marc:datafield><marc:datafield tag="700" ind1="1" ind2=" "><marc:subfield code="a">MORGAN, James Appleton.</marc:subfield></marc:datafield><marc:datafield tag="775" ind1="0" ind2=" "><marc:subfield code="t">[A Treatise on the Law of Contracts and parties to actions ex contractu.]</marc:subfield><marc:subfield code="d">2 vol. pp. lxvi. x. 1217. W. Benning &amp; Co.: London, 1849. 8º.</marc:subfield><marc:subfield code="w">(Uk)MP1.0000020268.1</marc:subfield></marc:datafield><marc:datafield tag="775" ind1="0" ind2=" "><marc:subfield code="t">[A Treatise on the Law of Contracts and parties to actions ex contractu.]</marc:subfield><marc:subfield code="d">2 vol. pp. lxxxv. 1399. V. &amp; R. Stevens and G. S. Norton: London, 1853. 8º.</marc:subfield><marc:subfield code="w">(Uk)MP1.0000020268.2</marc:subfield></marc:datafield><marc:datafield tag="775" ind1="0" ind2=" "><marc:subfield code="t">[A Treatise on the Law of Contracts and parties to actions ex contractu.]</marc:subfield><marc:subfield code="d">pp. lxx. 1263. V. &amp; R. Stevens and G. S. Norton: London, 1856. 8º.</marc:subfield><marc:subfield code="w">(Uk)MP1.0000020268.3</marc:subfield></marc:datafield><marc:datafield tag="775" ind1="0" ind2=" "><marc:subfield code="t">[A Treatise on the Law of Contracts and parties to actions ex contractu.]</marc:subfield><marc:subfield code="d">pp. xcvii. 1128. V. &amp; R. Stevens: London, 1862. 8º.</marc:subfield><marc:subfield code="w">(Uk)MP1.0000020268.4</marc:subfield></marc:datafield><marc:datafield tag="775" ind1="0" ind2=" "><marc:subfield code="t">[A Treatise on the Law of Contracts and parties to actions ex contractu.]</marc:subfield><marc:subfield code="d">pp. cii. 1161. Stevens &amp; Sons: London, 1869. 8º.</marc:subfield><marc:subfield code="w">(Uk)MP1.0000020268.5</marc:subfield></marc:datafield><marc:datafield tag="775" ind1="0" ind2=" "><marc:subfield code="t">[A Treatise on the Law of Contracts and parties to actions ex contractu.]</marc:subfield><marc:subfield code="d">pp. cxi. 1222. Stevens, Sons &amp; Warwick: London, 1875. 8º.</marc:subfield><marc:subfield code="w">(Uk)MP1.0000020268.6</marc:subfield></marc:datafield><marc:datafield tag="775" ind1="0" ind2=" "><marc:subfield code="t">[A Treatise on the Law of Contracts and parties to actions ex contractu.]</marc:subfield><marc:subfield code="d">3 vol. J. Cockcroft &amp; Co.: New York, 1875-78. 8º.</marc:subfield><marc:subfield code="w">(Uk)MP1.0000020268.7</marc:subfield></marc:datafield><marc:datafield tag="775" ind1="0" ind2=" "><marc:subfield code="t">[A Treatise on the Law of Contracts and parties to actions ex contractu.]</marc:subfield><marc:subfield code="d">pp. cxxv. 1467. Stevens &amp; Sons: London, 1883. 8º.</marc:subfield><marc:subfield code="w">(Uk)MP1.0000020268.8</marc:subfield></marc:datafield><marc:datafield tag="775" ind1="0" ind2=" "><marc:subfield code="t">[A Treatise on the Law of Contracts and parties to actions ex contractu.]</marc:subfield><marc:subfield code="d">2 vol. Soule &amp; Bugbee: Boston, 1883. 8º.</marc:subfield><marc:subfield code="w">(Uk)MP1.0000020268.9</marc:subfield></marc:datafield><marc:datafield tag="775" ind1="0" ind2=" "><marc:subfield code="t">[A Treatise on the Law of Contracts and parties to actions ex contractu.]</marc:subfield><marc:subfield code="d">pp. cxxiv. 1367. Stevens &amp; Sons: London, 1892. 8º.</marc:subfield><marc:subfield code="w">(Uk)MP1.0000020268.10</marc:subfield></marc:datafield><marc:datafield tag="775" ind1="0" ind2=" "><marc:subfield code="t">[A Treatise on the Law of Contracts and parties to actions ex contractu.]</marc:subfield><marc:subfield code="d">pp. cxxiv. 1245. 107. Stevens &amp; Sons: London, 1903 [1902]. 8º.</marc:subfield><marc:subfield code="w">(Uk)MP1.0000020268.11</marc:subfield></marc:datafield><marc:datafield tag="775" ind1="0" ind2=" "><marc:subfield code="t">[A Treatise on the Law of Contracts and parties to actions ex contractu.]</marc:subfield><marc:subfield code="d">pp. cxliii. 1387. 140. Stevens &amp; Sons: London, 1911. 8º.</marc:subfield><marc:subfield code="w">(Uk)MP1.0000020268.12</marc:subfield></marc:datafield><marc:datafield tag="852" ind1="4" ind2="1"><marc:subfield code="a">British Library</marc:subfield><marc:subfield code="b">HMNTS</marc:subfield><marc:subfield code="j">1383.i.2.</marc:subfield></marc:datafield></marc:record>