
<marc:record><marc:leader>01014cam a22002173  4500</marc:leader>
<marc:controlfield tag="001">000018051</marc:controlfield>
<marc:controlfield tag="003">Uk</marc:controlfield><marc:controlfield tag="005">20050418152943.0</marc:controlfield><marc:controlfield tag="008">990423|1892||||enk    ||     ||| |||||  </marc:controlfield><marc:datafield tag="040" ind1=" " ind2=" "><marc:subfield code="a">Uk</marc:subfield><marc:subfield code="c">Uk</marc:subfield></marc:datafield><marc:datafield tag="100" ind1="1" ind2=" "><marc:subfield code="a">ADDISON, Charles Greenstreet.</marc:subfield></marc:datafield><marc:datafield tag="245" ind1="1" ind2="3"><marc:subfield code="a">[A Treatise on the Law of Contracts and parties to actions ex contractu.].</marc:subfield></marc:datafield><marc:datafield tag="250" ind1=" " ind2=" "><marc:subfield code="a">Ninth edition. Edited by Horace Smith ... assisted by A. P. P. Keep.</marc:subfield></marc:datafield><marc:datafield tag="260" ind1=" " ind2=" "><marc:subfield code="a">London :</marc:subfield><marc:subfield code="b">Stevens &amp; Sons,</marc:subfield><marc:subfield code="c">1892.</marc:subfield></marc:datafield><marc:datafield tag="300" ind1=" " ind2=" "><marc:subfield code="a">pp. cxxiv. 1367 ;</marc:subfield><marc:subfield code="c">8º.</marc:subfield></marc:datafield><marc:datafield tag="700" ind1="1" ind2=" "><marc:subfield code="a">KEEP, Alfred Percival Perceval.</marc:subfield></marc:datafield><marc:datafield tag="700" ind1="1" ind2=" "><marc:subfield code="a">Smith, Horace,</marc:subfield><marc:subfield code="d">1836-1922.</marc:subfield></marc:datafield><marc:datafield tag="787" ind1="0" ind2=" "><marc:subfield code="t">A Treatise on the Law of Contracts and parties to actions ex contractu.</marc:subfield><marc:subfield code="d">pp. lxvii. 916. W. Benning &amp; Co.: London, 1847. 8º.</marc:subfield><marc:subfield code="w">(Uk)MP1.0000020268</marc:subfield></marc:datafield><marc:datafield tag="852" ind1="4" ind2="1"><marc:subfield code="a">British Library</marc:subfield><marc:subfield code="b">HMNTS</marc:subfield><marc:subfield code="j">6375.dd.1.</marc:subfield></marc:datafield><marc:datafield tag="886" ind1="2" ind2=" "><marc:subfield code="2">blmarc</marc:subfield><marc:subfield code="a">709</marc:subfield><marc:subfield code="b">00</marc:subfield><marc:subfield code="a">KEEP</marc:subfield><marc:subfield code="h">Alfred Percival Perceval</marc:subfield><marc:subfield code="p">6375.dd.1.</marc:subfield><marc:subfield code="x">1720960259</marc:subfield><marc:subfield code="p">6375.t.10.</marc:subfield><marc:subfield code="x">1720960267</marc:subfield></marc:datafield><marc:datafield tag="886" ind1="2" ind2=" "><marc:subfield code="2">blmarc</marc:subfield><marc:subfield code="a">709</marc:subfield><marc:subfield code="b">00</marc:subfield><marc:subfield code="a">SMITH</marc:subfield><marc:subfield code="h">Horace</marc:subfield><marc:subfield code="f">Metropolitan Magistrate</marc:subfield><marc:subfield code="p">6375.dd.1.</marc:subfield><marc:subfield code="x">3053830310</marc:subfield><marc:subfield code="p">6375.k.4.</marc:subfield><marc:subfield code="x">3053830302</marc:subfield></marc:datafield></marc:record>