
<marc:record><marc:leader>00936 am a22002053  4500</marc:leader>
<marc:controlfield tag="001">000018058</marc:controlfield>
<marc:controlfield tag="003">Uk</marc:controlfield><marc:controlfield tag="005">20041006115502.0</marc:controlfield><marc:controlfield tag="008">990423|1875|||||||    ||     ||| |||||  </marc:controlfield><marc:datafield tag="040" ind1=" " ind2=" "><marc:subfield code="a">Uk</marc:subfield><marc:subfield code="c">Uk</marc:subfield></marc:datafield><marc:datafield tag="100" ind1="1" ind2=" "><marc:subfield code="a">ADDISON, Charles Greenstreet.</marc:subfield></marc:datafield><marc:datafield tag="245" ind1="1" ind2="3"><marc:subfield code="a">[A Treatise on the Law of Contracts and parties to actions ex contractu.]</marc:subfield></marc:datafield><marc:datafield tag="250" ind1=" " ind2=" "><marc:subfield code="a">Seventh edition. By L. W. Cave.</marc:subfield></marc:datafield><marc:datafield tag="260" ind1=" " ind2=" "><marc:subfield code="a">London :</marc:subfield><marc:subfield code="b">Stevens, Sons &amp; Warwick,</marc:subfield><marc:subfield code="c">1875.</marc:subfield></marc:datafield><marc:datafield tag="300" ind1=" " ind2=" "><marc:subfield code="a">pp. cxi. 1222 ;</marc:subfield><marc:subfield code="c">8º.</marc:subfield></marc:datafield><marc:datafield tag="700" ind1="1" ind2=" "><marc:subfield code="a">CAVE, Lewis William,</marc:subfield><marc:subfield code="c">Sir,</marc:subfield><marc:subfield code="c">Judge of the High Court of Justice.</marc:subfield></marc:datafield><marc:datafield tag="787" ind1="0" ind2=" "><marc:subfield code="t">A Treatise on the Law of Contracts and parties to actions ex contractu.</marc:subfield><marc:subfield code="d">pp. lxvii. 916. W. Benning &amp; Co.: London, 1847. 8º.</marc:subfield><marc:subfield code="w">(Uk)MP1.0000020268</marc:subfield></marc:datafield><marc:datafield tag="852" ind1="4" ind2="1"><marc:subfield code="a">British Library</marc:subfield><marc:subfield code="b">HMNTS</marc:subfield><marc:subfield code="j">[Missing.]</marc:subfield></marc:datafield><marc:datafield tag="852" ind1="4" ind2="1"><marc:subfield code="a">British Library</marc:subfield><marc:subfield code="b">HMNTS</marc:subfield><marc:subfield code="j">6375.h.14.</marc:subfield><marc:subfield code="3">Superseded by [Missing.]</marc:subfield></marc:datafield><marc:datafield tag="886" ind1="2" ind2=" "><marc:subfield code="2">blmarc</marc:subfield><marc:subfield code="a">709</marc:subfield><marc:subfield code="b">00</marc:subfield><marc:subfield code="a">CAVE</marc:subfield><marc:subfield code="e">Sir</marc:subfield><marc:subfield code="h">Lewis William</marc:subfield><marc:subfield code="f">Judge of the High Court of Justice</marc:subfield><marc:subfield code="p">[Missing.]</marc:subfield><marc:subfield code="x">0564500224</marc:subfield></marc:datafield></marc:record>