
<marc:record><marc:leader>02498cam a22003733  4500</marc:leader>
<marc:controlfield tag="001">000018062</marc:controlfield>
<marc:controlfield tag="003">Uk</marc:controlfield><marc:controlfield tag="005">20130521172300.0</marc:controlfield><marc:controlfield tag="008">870814|1860||||enk    ||     ||| |||||  </marc:controlfield><marc:datafield tag="040" ind1=" " ind2=" "><marc:subfield code="a">Uk</marc:subfield><marc:subfield code="c">Uk</marc:subfield></marc:datafield><marc:datafield tag="100" ind1="1" ind2=" "><marc:subfield code="a">ADDISON, Charles Greenstreet.</marc:subfield></marc:datafield><marc:datafield tag="245" ind1="1" ind2="0"><marc:subfield code="a">Wrongs and their Remedies, being a treatise on the law of torts.</marc:subfield></marc:datafield><marc:datafield tag="260" ind1=" " ind2=" "><marc:subfield code="a">London :</marc:subfield><marc:subfield code="b">V. &amp; R. Stevens &amp; Sons,</marc:subfield><marc:subfield code="c">1860.</marc:subfield></marc:datafield><marc:datafield tag="300" ind1=" " ind2=" "><marc:subfield code="a">lxiv, 852 p. ;</marc:subfield><marc:subfield code="c">8º.</marc:subfield></marc:datafield><marc:datafield tag="700" ind1="1" ind2=" "><marc:subfield code="a">BAYLIES, Edwin.</marc:subfield></marc:datafield><marc:datafield tag="700" ind1="1" ind2=" "><marc:subfield code="a">CAVE, Lewis William,</marc:subfield><marc:subfield code="c">Sir,</marc:subfield><marc:subfield code="c">Judge of the High Court of Justice.</marc:subfield></marc:datafield><marc:datafield tag="700" ind1="1" ind2=" "><marc:subfield code="a">DUDLEY, James M.</marc:subfield></marc:datafield><marc:datafield tag="700" ind1="1" ind2=" "><marc:subfield code="a">Griffith, Walter Hussey.</marc:subfield></marc:datafield><marc:datafield tag="700" ind1="1" ind2=" "><marc:subfield code="a">WOOD, Horace Gay.</marc:subfield></marc:datafield><marc:datafield tag="775" ind1="0" ind2=" "><marc:subfield code="t">[Wrongs and their Remedies, being a treatise on the law of torts.]</marc:subfield><marc:subfield code="d">pp. lxxix. 1035. V. &amp; R. Stevens, Sons &amp; Haynes: London, 1864. 8º.</marc:subfield><marc:subfield code="w">(Uk)MP1.0000020269.1</marc:subfield></marc:datafield><marc:datafield tag="775" ind1="0" ind2=" "><marc:subfield code="t">[Wrongs and their Remedies, being a treatise on the law of torts.]</marc:subfield><marc:subfield code="d">pp. xcvii. 1162. Stevens &amp; Sons: London, 1870 [1869]. 8º.</marc:subfield><marc:subfield code="w">(Uk)MP1.0000020269.2</marc:subfield></marc:datafield><marc:datafield tag="775" ind1="0" ind2=" "><marc:subfield code="t">[Wrongs and their Remedies, being a treatise on the law of torts.]</marc:subfield><marc:subfield code="d">pp. xcii. 1179. Stevens &amp; Sons: London, 1873. 8º.</marc:subfield><marc:subfield code="w">(Uk)MP1.0000020269.3</marc:subfield></marc:datafield><marc:datafield tag="775" ind1="0" ind2=" "><marc:subfield code="t">[Wrongs and their Remedies, being a treatise on the law of torts.]</marc:subfield><marc:subfield code="d">2 vol. Banks &amp; Bros.: Albany, 1876. 8º.</marc:subfield><marc:subfield code="w">(Uk)MP1.0000020269.4</marc:subfield></marc:datafield><marc:datafield tag="775" ind1="0" ind2=" "><marc:subfield code="t">[Wrongs and their Remedies, being a treatise on the law of torts.]</marc:subfield><marc:subfield code="d">2 vol. Cockcroft &amp; Co.: New York, 1878. 8º.</marc:subfield><marc:subfield code="w">(Uk)MP1.0000020269.5</marc:subfield></marc:datafield><marc:datafield tag="775" ind1="0" ind2=" "><marc:subfield code="t">[Wrongs and their Remedies, being a treatise on the law of torts.]</marc:subfield><marc:subfield code="d">pp. lxxxv. 810. Stevens &amp; Sons: London, 1879. 8º.</marc:subfield><marc:subfield code="w">(Uk)MP1.0000020269.6</marc:subfield></marc:datafield><marc:datafield tag="775" ind1="0" ind2=" "><marc:subfield code="t">[Wrongs and their Remedies, being a treatise on the law of torts.]</marc:subfield><marc:subfield code="d">pp. xc. 895. Stevens &amp; Sons: London, 1887. 8º.</marc:subfield><marc:subfield code="w">(Uk)MP1.0000020269.7</marc:subfield></marc:datafield><marc:datafield tag="775" ind1="0" ind2=" "><marc:subfield code="t">[Wrongs and their Remedies, being a treatise on the law of torts.]</marc:subfield><marc:subfield code="d">pp. lxxxix. 893. Stevens &amp; Sons: London, 1893. 8º.</marc:subfield><marc:subfield code="w">(Uk)MP1.0000020269.8</marc:subfield></marc:datafield><marc:datafield tag="775" ind1="0" ind2=" "><marc:subfield code="t">[Wrongs and their Remedies, being a treatise on the law of torts.]</marc:subfield><marc:subfield code="d">pp. cxiv. 1077. 121. Stevens &amp; Sons: London, 1906. 8º.</marc:subfield><marc:subfield code="w">(Uk)MP1.0000020269.9</marc:subfield></marc:datafield><marc:datafield tag="852" ind1="4" ind2="1"><marc:subfield code="a">British Library</marc:subfield><marc:subfield code="b">HMNTS</marc:subfield><marc:subfield code="j">6325.d.1.</marc:subfield></marc:datafield><marc:datafield tag="886" ind1="2" ind2=" "><marc:subfield code="2">blmarc</marc:subfield><marc:subfield code="a">709</marc:subfield><marc:subfield code="b">00</marc:subfield><marc:subfield code="a">BAYLIES</marc:subfield><marc:subfield code="h">Edwin</marc:subfield><marc:subfield code="p">6615.i.1.</marc:subfield><marc:subfield code="x">0220350108</marc:subfield></marc:datafield><marc:datafield tag="886" ind1="2" ind2=" "><marc:subfield code="2">blmarc</marc:subfield><marc:subfield code="a">709</marc:subfield><marc:subfield code="b">00</marc:subfield><marc:subfield code="a">CAVE</marc:subfield><marc:subfield code="e">Sir</marc:subfield><marc:subfield code="h">Lewis William</marc:subfield><marc:subfield code="f">Judge of the High Court of Justice</marc:subfield><marc:subfield code="p">[MISSING.]</marc:subfield><marc:subfield code="x">0564500232</marc:subfield></marc:datafield><marc:datafield tag="886" ind1="2" ind2=" "><marc:subfield code="2">blmarc</marc:subfield><marc:subfield code="a">709</marc:subfield><marc:subfield code="b">00</marc:subfield><marc:subfield code="a">DUDLEY</marc:subfield><marc:subfield code="h">James M.</marc:subfield><marc:subfield code="p">6615.i.1.</marc:subfield><marc:subfield code="x">0882010018</marc:subfield></marc:datafield><marc:datafield tag="886" ind1="2" ind2=" "><marc:subfield code="2">blmarc</marc:subfield><marc:subfield code="a">709</marc:subfield><marc:subfield code="b">00</marc:subfield><marc:subfield code="a">GRIFFITH</marc:subfield><marc:subfield code="h">Walter Hussey</marc:subfield><marc:subfield code="p">637.d.8.</marc:subfield><marc:subfield code="x">1330050290</marc:subfield></marc:datafield><marc:datafield tag="886" ind1="2" ind2=" "><marc:subfield code="2">blmarc</marc:subfield><marc:subfield code="a">709</marc:subfield><marc:subfield code="b">00</marc:subfield><marc:subfield code="a">WOOD</marc:subfield><marc:subfield code="h">Horace Gay</marc:subfield><marc:subfield code="p">6614.i.2.</marc:subfield><marc:subfield code="x">3550510160</marc:subfield></marc:datafield></marc:record>