
<marc:record><marc:leader>00838cam a22001933  4500</marc:leader>
<marc:controlfield tag="001">000018065</marc:controlfield>
<marc:controlfield tag="003">Uk</marc:controlfield><marc:controlfield tag="005">20040920115352.0</marc:controlfield><marc:controlfield tag="008">870814|1873||||enk    ||     ||| |||||  </marc:controlfield><marc:datafield tag="040" ind1=" " ind2=" "><marc:subfield code="a">Uk</marc:subfield><marc:subfield code="c">Uk</marc:subfield></marc:datafield><marc:datafield tag="100" ind1="1" ind2=" "><marc:subfield code="a">ADDISON, Charles Greenstreet.</marc:subfield></marc:datafield><marc:datafield tag="245" ind1="1" ind2="0"><marc:subfield code="a">[Wrongs and their Remedies, being a treatise on the law of torts.]</marc:subfield></marc:datafield><marc:datafield tag="250" ind1=" " ind2=" "><marc:subfield code="a">Fourth edition. By F. S. P. Wolferstan.</marc:subfield></marc:datafield><marc:datafield tag="260" ind1=" " ind2=" "><marc:subfield code="a">London :</marc:subfield><marc:subfield code="b">Stevens &amp; Sons,</marc:subfield><marc:subfield code="c">1873.</marc:subfield></marc:datafield><marc:datafield tag="300" ind1=" " ind2=" "><marc:subfield code="a">pp. xcii. 1179 ;</marc:subfield><marc:subfield code="c">8º.</marc:subfield></marc:datafield><marc:datafield tag="700" ind1="1" ind2=" "><marc:subfield code="a">WOLFERSTAN, Francis Stafford Pipe.</marc:subfield></marc:datafield><marc:datafield tag="787" ind1="0" ind2=" "><marc:subfield code="t">Wrongs and their Remedies, being a treatise on the law of torts.</marc:subfield><marc:subfield code="d">pp. lxiv. 852. V. &amp; R. Stevens &amp; Sons: London, 1860. 8º.</marc:subfield><marc:subfield code="w">(Uk)MP1.0000020269</marc:subfield></marc:datafield><marc:datafield tag="852" ind1="4" ind2="1"><marc:subfield code="a">British Library</marc:subfield><marc:subfield code="b">HMNTS</marc:subfield><marc:subfield code="j">6325.d.4.</marc:subfield></marc:datafield><marc:datafield tag="886" ind1="2" ind2=" "><marc:subfield code="2">blmarc</marc:subfield><marc:subfield code="a">709</marc:subfield><marc:subfield code="b">00</marc:subfield><marc:subfield code="a">WOLFERSTAN</marc:subfield><marc:subfield code="h">Francis Stafford Pipe</marc:subfield><marc:subfield code="p">6325.d.3.</marc:subfield><marc:subfield code="x">3542910066</marc:subfield><marc:subfield code="p">6325.d.4.</marc:subfield><marc:subfield code="x">3542910066</marc:subfield><marc:subfield code="p">6615.i.1.</marc:subfield><marc:subfield code="x">3542910066</marc:subfield></marc:datafield></marc:record>