
<marc:record><marc:leader>00702cam a22001693  4500</marc:leader>
<marc:controlfield tag="001">000018066</marc:controlfield>
<marc:controlfield tag="003">Uk</marc:controlfield><marc:controlfield tag="005">20120224170000.0</marc:controlfield><marc:controlfield tag="008">870814|1876|||||||    ||     ||| |||||  </marc:controlfield><marc:datafield tag="040" ind1=" " ind2=" "><marc:subfield code="a">Uk</marc:subfield><marc:subfield code="c">Uk</marc:subfield></marc:datafield><marc:datafield tag="100" ind1="1" ind2=" "><marc:subfield code="a">ADDISON, Charles Greenstreet.</marc:subfield></marc:datafield><marc:datafield tag="245" ind1="1" ind2="0"><marc:subfield code="a">[Wrongs and their Remedies, being a treatise on the law of torts.]</marc:subfield></marc:datafield><marc:datafield tag="250" ind1=" " ind2=" "><marc:subfield code="a">Fourth English edition. By F. S. P. Wolferstan ... American notes by J. M. Dudley and E. Baylies.</marc:subfield></marc:datafield><marc:datafield tag="260" ind1=" " ind2=" "><marc:subfield code="a">Albany :</marc:subfield><marc:subfield code="b">Banks &amp; Bros.,</marc:subfield><marc:subfield code="c">1876.</marc:subfield></marc:datafield><marc:datafield tag="300" ind1=" " ind2=" "><marc:subfield code="a">2 vol. ;</marc:subfield><marc:subfield code="c">8º.</marc:subfield></marc:datafield><marc:datafield tag="787" ind1="0" ind2=" "><marc:subfield code="t">Wrongs and their Remedies, being a treatise on the law of torts.</marc:subfield><marc:subfield code="d">pp. lxiv. 852. V. &amp; R. Stevens &amp; Sons: London, 1860. 8º.</marc:subfield><marc:subfield code="w">(Uk)MP1.0000020269</marc:subfield></marc:datafield><marc:datafield tag="852" ind1="4" ind2="1"><marc:subfield code="a">British Library</marc:subfield><marc:subfield code="b">HMNTS</marc:subfield><marc:subfield code="j">D-6615.i.1.</marc:subfield></marc:datafield></marc:record>