
<marc:record><marc:leader>00802cam a22001933  4500</marc:leader>
<marc:controlfield tag="001">000018069</marc:controlfield>
<marc:controlfield tag="003">Uk</marc:controlfield><marc:controlfield tag="005">20130521172300.0</marc:controlfield><marc:controlfield tag="008">870814|1887||||enk    ||     ||| |||||  </marc:controlfield><marc:datafield tag="040" ind1=" " ind2=" "><marc:subfield code="a">Uk</marc:subfield><marc:subfield code="c">Uk</marc:subfield></marc:datafield><marc:datafield tag="100" ind1="1" ind2=" "><marc:subfield code="a">ADDISON, Charles Greenstreet.</marc:subfield></marc:datafield><marc:datafield tag="245" ind1="1" ind2="0"><marc:subfield code="a">[Wrongs and their Remedies, being a treatise on the law of torts.]</marc:subfield></marc:datafield><marc:datafield tag="250" ind1=" " ind2=" "><marc:subfield code="a">Sixth edition. By Horace Smith.</marc:subfield></marc:datafield><marc:datafield tag="260" ind1=" " ind2=" "><marc:subfield code="a">London :</marc:subfield><marc:subfield code="b">Stevens &amp; Sons,</marc:subfield><marc:subfield code="c">1887.</marc:subfield></marc:datafield><marc:datafield tag="300" ind1=" " ind2=" "><marc:subfield code="a">xc, 895 p. ;</marc:subfield><marc:subfield code="c">8º.</marc:subfield></marc:datafield><marc:datafield tag="700" ind1="1" ind2=" "><marc:subfield code="a">Smith, Horace,</marc:subfield><marc:subfield code="d">1836-1922.</marc:subfield></marc:datafield><marc:datafield tag="787" ind1="0" ind2=" "><marc:subfield code="t">Wrongs and their Remedies, being a treatise on the law of torts.</marc:subfield><marc:subfield code="d">pp. lxiv. 852. V. &amp; R. Stevens &amp; Sons: London, 1860. 8º.</marc:subfield><marc:subfield code="w">(Uk)MP1.0000020269</marc:subfield></marc:datafield><marc:datafield tag="852" ind1="4" ind2="1"><marc:subfield code="a">British Library</marc:subfield><marc:subfield code="b">HMNTS</marc:subfield><marc:subfield code="j">6325.f.15.</marc:subfield></marc:datafield><marc:datafield tag="886" ind1="2" ind2=" "><marc:subfield code="2">blmarc</marc:subfield><marc:subfield code="a">709</marc:subfield><marc:subfield code="b">00</marc:subfield><marc:subfield code="a">SMITH</marc:subfield><marc:subfield code="h">Horace</marc:subfield><marc:subfield code="f">Metropolitan Magistrate</marc:subfield><marc:subfield code="p">6325.f.15.</marc:subfield><marc:subfield code="x">3053830329</marc:subfield><marc:subfield code="p">6325.r.3.</marc:subfield><marc:subfield code="x">3053830329</marc:subfield></marc:datafield></marc:record>