
<marc:record><marc:leader>00666cam a22001693  4500</marc:leader>
<marc:controlfield tag="001">000018093</marc:controlfield>
<marc:controlfield tag="003">Uk</marc:controlfield><marc:controlfield tag="005">20130708175200.0</marc:controlfield><marc:controlfield tag="008">870814|1897||||xxu    ||     ||| ||eng  </marc:controlfield><marc:datafield tag="040" ind1=" " ind2=" "><marc:subfield code="a">Uk</marc:subfield><marc:subfield code="c">Uk</marc:subfield></marc:datafield><marc:datafield tag="100" ind1="1" ind2=" "><marc:subfield code="a">ADDISON, Daniel Dulany.</marc:subfield></marc:datafield><marc:datafield tag="245" ind1="1" ind2="4"><marc:subfield code="a">The Life and Times of Edward Bass, first Bishop of Massachusetts.</marc:subfield></marc:datafield><marc:datafield tag="260" ind1=" " ind2=" "><marc:subfield code="a">Boston ;</marc:subfield><marc:subfield code="a">New York :</marc:subfield><marc:subfield code="b">Houghton &amp; Mifflin,</marc:subfield><marc:subfield code="c">1897.</marc:subfield></marc:datafield><marc:datafield tag="300" ind1=" " ind2=" "><marc:subfield code="a">viii, 350 p. ;</marc:subfield><marc:subfield code="c">8º.</marc:subfield></marc:datafield><marc:datafield tag="700" ind1="1" ind2=" "><marc:subfield code="a">BASS, Edward,</marc:subfield><marc:subfield code="c">Bishop of the Protestant Episcopal Church in Massachusetts.</marc:subfield></marc:datafield><marc:datafield tag="852" ind1="4" ind2="1"><marc:subfield code="a">British Library</marc:subfield><marc:subfield code="b">HMNTS</marc:subfield><marc:subfield code="j">4985.dd.33.</marc:subfield></marc:datafield><marc:datafield tag="886" ind1="2" ind2=" "><marc:subfield code="2">blmarc</marc:subfield><marc:subfield code="a">709</marc:subfield><marc:subfield code="b">00</marc:subfield><marc:subfield code="a">BASS</marc:subfield><marc:subfield code="h">Edward</marc:subfield><marc:subfield code="f">Bishop of the Protestant Episcopal Church in Massachusetts</marc:subfield><marc:subfield code="p">4985.dd.33.</marc:subfield><marc:subfield code="x">0204500028</marc:subfield></marc:datafield></marc:record>