
<marc:record><marc:leader>00851cam a22001813  4500</marc:leader>
<marc:controlfield tag="001">000018174</marc:controlfield>
<marc:controlfield tag="003">Uk</marc:controlfield><marc:controlfield tag="005">20130715184800.0</marc:controlfield><marc:controlfield tag="008">870814|1811||||enk    ||     ||| |||||  </marc:controlfield><marc:datafield tag="040" ind1=" " ind2=" "><marc:subfield code="a">Uk</marc:subfield><marc:subfield code="c">Uk</marc:subfield></marc:datafield><marc:datafield tag="100" ind1="1" ind2=" "><marc:subfield code="a">Addison, Joseph,</marc:subfield><marc:subfield code="d">1672-1719.</marc:subfield></marc:datafield><marc:datafield tag="240" ind1="1" ind2="0"><marc:subfield code="a">Works</marc:subfield></marc:datafield><marc:datafield tag="245" ind1="1" ind2="5"><marc:subfield code="a">[The Works of the late Right Honourable Joseph Addison, Esq. ... The third edition, etc. [Edited by Thomas Tickell.]]</marc:subfield></marc:datafield><marc:datafield tag="250" ind1=" " ind2=" "><marc:subfield code="a">A new edition, with notes by Richard Hurd, D.D. Lord Bishop of Worcester. [With a portrait engraved by C. Picart after Michael Dahl.]</marc:subfield></marc:datafield><marc:datafield tag="260" ind1=" " ind2=" "><marc:subfield code="a">London :</marc:subfield><marc:subfield code="b">T. Cadell &amp; W. Davies,</marc:subfield><marc:subfield code="c">1811.</marc:subfield></marc:datafield><marc:datafield tag="300" ind1=" " ind2=" "><marc:subfield code="a">6 vol. ;</marc:subfield><marc:subfield code="c">8º.</marc:subfield></marc:datafield><marc:datafield tag="787" ind1="0" ind2=" "><marc:subfield code="t">The Works of the late Right Honourable Joseph Addison, Esq. ... The third edition, etc. [Edited by Thomas Tickell.]</marc:subfield><marc:subfield code="d">4 vol. J. &amp; R. Tonson: London, 1741. 4º.</marc:subfield><marc:subfield code="w">(Uk)MP1.0000020368</marc:subfield></marc:datafield><marc:datafield tag="852" ind1="4" ind2="1"><marc:subfield code="a">British Library</marc:subfield><marc:subfield code="b">HMNTS</marc:subfield><marc:subfield code="j">91.d.2-7.</marc:subfield></marc:datafield></marc:record>