
<marc:record><marc:leader>00878 am a22001933  4500</marc:leader>
<marc:controlfield tag="001">000018215</marc:controlfield>
<marc:controlfield tag="003">Uk</marc:controlfield><marc:controlfield tag="005">20091223214900.0</marc:controlfield><marc:controlfield tag="008">870814|1807|||||||    ||     ||| |||||  </marc:controlfield><marc:datafield tag="040" ind1=" " ind2=" "><marc:subfield code="a">Uk</marc:subfield><marc:subfield code="c">Uk</marc:subfield></marc:datafield><marc:datafield tag="100" ind1="1" ind2=" "><marc:subfield code="a">Addison, Joseph,</marc:subfield><marc:subfield code="d">1672-1719.</marc:subfield></marc:datafield><marc:datafield tag="240" ind1="1" ind2="0"><marc:subfield code="a">Two or more Works</marc:subfield></marc:datafield><marc:datafield tag="245" ind1="1" ind2="5"><marc:subfield code="a">[The Poetical Works of Joseph Addison. With the life of the author ... Embellished with superb engravings [including a portrait].]</marc:subfield></marc:datafield><marc:datafield tag="250" ind1=" " ind2=" "><marc:subfield code="a">[Another edition.] Collated ... by Thomas Park.</marc:subfield></marc:datafield><marc:datafield tag="260" ind1=" " ind2=" "><marc:subfield code="a">London :</marc:subfield><marc:subfield code="b">C. Whittingham,</marc:subfield><marc:subfield code="c">1807.</marc:subfield></marc:datafield><marc:datafield tag="300" ind1=" " ind2=" "><marc:subfield code="a">149 p. ;</marc:subfield><marc:subfield code="c">16º.</marc:subfield></marc:datafield><marc:datafield tag="490" ind1="0" ind2=" "><marc:subfield code="a">[Park (T.) The Works of the British Poets, etc. vol. 10.]</marc:subfield></marc:datafield><marc:datafield tag="787" ind1="0" ind2=" "><marc:subfield code="t">The Poetical Works of Joseph Addison. With the life of the author ... Embellished with superb engravings [including a portrait].</marc:subfield><marc:subfield code="d">pp. xxxii. 146. C. Cooke: London, [1796.] 18º.</marc:subfield><marc:subfield code="w">(Uk)MP1.0000020393</marc:subfield></marc:datafield><marc:datafield tag="852" ind1="4" ind2="1"><marc:subfield code="a">British Library</marc:subfield><marc:subfield code="b">HMNTS</marc:subfield><marc:subfield code="j">1066.c.22.</marc:subfield></marc:datafield></marc:record>