
<marc:record><marc:leader>00856 am a22001813  4500</marc:leader>
<marc:controlfield tag="001">000018217</marc:controlfield>
<marc:controlfield tag="003">Uk</marc:controlfield><marc:controlfield tag="005">20091125221900.0</marc:controlfield><marc:controlfield tag="008">870814|1819|||||||    ||     ||| |||||  </marc:controlfield><marc:datafield tag="040" ind1=" " ind2=" "><marc:subfield code="a">Uk</marc:subfield><marc:subfield code="c">Uk</marc:subfield></marc:datafield><marc:datafield tag="100" ind1="1" ind2=" "><marc:subfield code="a">Addison, Joseph,</marc:subfield><marc:subfield code="d">1672-1719.</marc:subfield></marc:datafield><marc:datafield tag="240" ind1="1" ind2="0"><marc:subfield code="a">Two or more Works</marc:subfield></marc:datafield><marc:datafield tag="245" ind1="1" ind2="5"><marc:subfield code="a">[The Poetical Works of Joseph Addison. With the life of the author ... Embellished with superb engravings [including a portrait].]</marc:subfield></marc:datafield><marc:datafield tag="250" ind1=" " ind2=" "><marc:subfield code="a">[Another edition.] With the life of the author by Ezekiel Sanford.</marc:subfield></marc:datafield><marc:datafield tag="260" ind1=" " ind2=" "><marc:subfield code="c">1819.</marc:subfield></marc:datafield><marc:datafield tag="580" ind1=" " ind2=" "><marc:subfield code="a">In : Sanford (E.) The Works of the British Poets. vol. 14. 1819, etc. 12º.</marc:subfield></marc:datafield><marc:datafield tag="787" ind1="0" ind2=" "><marc:subfield code="t">The Poetical Works of Joseph Addison. With the life of the author ... Embellished with superb engravings [including a portrait].</marc:subfield><marc:subfield code="d">pp. xxxii. 146. C. Cooke: London, [1816?] 18º.</marc:subfield><marc:subfield code="w">(Uk)MP1.0000020394</marc:subfield></marc:datafield><marc:datafield tag="852" ind1="4" ind2="1"><marc:subfield code="a">British Library</marc:subfield><marc:subfield code="b">HMNTS</marc:subfield><marc:subfield code="j">11602.a.7.</marc:subfield></marc:datafield></marc:record>