
<marc:record><marc:leader>01122cam a22002293  4500</marc:leader>
<marc:controlfield tag="001">000018219</marc:controlfield>
<marc:controlfield tag="003">Uk</marc:controlfield><marc:controlfield tag="005">20130503191800.0</marc:controlfield><marc:controlfield tag="008">870814|1875||||enk    ||     ||| |||||  </marc:controlfield><marc:datafield tag="040" ind1=" " ind2=" "><marc:subfield code="a">Uk</marc:subfield><marc:subfield code="c">Uk</marc:subfield></marc:datafield><marc:datafield tag="100" ind1="1" ind2=" "><marc:subfield code="a">Addison, Joseph,</marc:subfield><marc:subfield code="d">1672-1719.</marc:subfield></marc:datafield><marc:datafield tag="240" ind1="1" ind2="0"><marc:subfield code="a">Two or more Works</marc:subfield></marc:datafield><marc:datafield tag="245" ind1="1" ind2="5"><marc:subfield code="a">[The Poetical Works of Joseph Addison; Gay's Fables; and Somerville's Chase. With memoirs and critical dissertations by Rev. George Gilfillan.]</marc:subfield></marc:datafield><marc:datafield tag="250" ind1=" " ind2=" "><marc:subfield code="a">[Another edition.] The text edited by C. C. Clarke.</marc:subfield></marc:datafield><marc:datafield tag="260" ind1=" " ind2=" "><marc:subfield code="a">London :</marc:subfield><marc:subfield code="b">Cassell &amp; Co.,</marc:subfield><marc:subfield code="c">[1875]</marc:subfield></marc:datafield><marc:datafield tag="300" ind1=" " ind2=" "><marc:subfield code="a">xxix, 386 p. ;</marc:subfield><marc:subfield code="c">8º.</marc:subfield></marc:datafield><marc:datafield tag="700" ind1="1" ind2=" "><marc:subfield code="a">CLARKE, Charles Cowden.</marc:subfield></marc:datafield><marc:datafield tag="700" ind1="1" ind2=" "><marc:subfield code="a">Gilfillan, George,</marc:subfield><marc:subfield code="d">1813-1878.</marc:subfield></marc:datafield><marc:datafield tag="787" ind1="0" ind2=" "><marc:subfield code="t">The Poetical Works of Joseph Addison; Gay's Fables; and Somerville's Chase. With memoirs and critical dissertations by Rev. George Gilfillan.</marc:subfield><marc:subfield code="d">pp. xxxiii. 386. James Nichol: Edinburgh, 1859. 8º.</marc:subfield><marc:subfield code="w">(Uk)MP1.0000020395</marc:subfield></marc:datafield><marc:datafield tag="852" ind1="4" ind2="1"><marc:subfield code="a">British Library</marc:subfield><marc:subfield code="b">HMNTS</marc:subfield><marc:subfield code="j">11607.e.9.(2.)</marc:subfield></marc:datafield><marc:datafield tag="886" ind1="2" ind2=" "><marc:subfield code="2">blmarc</marc:subfield><marc:subfield code="a">709</marc:subfield><marc:subfield code="b">00</marc:subfield><marc:subfield code="a">CLARKE</marc:subfield><marc:subfield code="h">Charles Cowden</marc:subfield><marc:subfield code="p">11607.e.9.(2.)</marc:subfield><marc:subfield code="x">0632930098</marc:subfield></marc:datafield><marc:datafield tag="886" ind1="2" ind2=" "><marc:subfield code="2">blmarc</marc:subfield><marc:subfield code="a">709</marc:subfield><marc:subfield code="b">00</marc:subfield><marc:subfield code="a">GILFILLAN</marc:subfield><marc:subfield code="h">George</marc:subfield><marc:subfield code="p">11603.f.1.</marc:subfield><marc:subfield code="x">1250420318</marc:subfield><marc:subfield code="p">11607.e.9.(2.)</marc:subfield><marc:subfield code="x">1250420318</marc:subfield></marc:datafield></marc:record>