
<marc:record><marc:leader>01058cam a22002293  4500</marc:leader>
<marc:controlfield tag="001">000018278</marc:controlfield>
<marc:controlfield tag="003">Uk</marc:controlfield><marc:controlfield tag="005">20120418181100.0</marc:controlfield><marc:controlfield tag="008">011217|1805|||||||    ||     ||| |||||  </marc:controlfield><marc:datafield tag="040" ind1=" " ind2=" "><marc:subfield code="a">Uk</marc:subfield><marc:subfield code="c">Uk</marc:subfield></marc:datafield><marc:datafield tag="100" ind1="1" ind2=" "><marc:subfield code="a">Addison, Joseph,</marc:subfield><marc:subfield code="d">1672-1719.</marc:subfield></marc:datafield><marc:datafield tag="240" ind1="1" ind2="0"><marc:subfield code="a">Cato</marc:subfield></marc:datafield><marc:datafield tag="245" ind1="1" ind2="0"><marc:subfield code="a">Cato, etc.</marc:subfield></marc:datafield><marc:datafield tag="300" ind1=" " ind2=" "><marc:subfield code="a">60 p.</marc:subfield></marc:datafield><marc:datafield tag="580" ind1=" " ind2=" "><marc:subfield code="a">In: Sharpe's British Theatre. vol. 17. 1805. 32º.</marc:subfield></marc:datafield><marc:datafield tag="775" ind1="0" ind2=" "><marc:subfield code="t">[Cato, etc.]</marc:subfield><marc:subfield code="d">London: Longman, Hurst, Rees, and Orme, [1806?]. 65, [1]p., plate. 12º.</marc:subfield><marc:subfield code="w">(Uk)MP1.0000020427.1</marc:subfield></marc:datafield><marc:datafield tag="775" ind1="0" ind2=" "><marc:subfield code="t">[Cato, etc.]</marc:subfield><marc:subfield code="d">pp. 61. Longman &amp; Co.: London, 1808. 12º.</marc:subfield><marc:subfield code="w">(Uk)MP1.0000020427.3</marc:subfield></marc:datafield><marc:datafield tag="775" ind1="0" ind2=" "><marc:subfield code="t">[Cato, etc.]</marc:subfield><marc:subfield code="d">pp. 54. [Theatre Royal, Covent Garden:] London, 1811. 8º.</marc:subfield><marc:subfield code="w">(Uk)MP1.0000020427.4</marc:subfield></marc:datafield><marc:datafield tag="775" ind1="0" ind2=" "><marc:subfield code="t">[Cato, etc.]</marc:subfield><marc:subfield code="n">In British Drama. The Modern British Drama. vol. 1. Tragedies. 1811. 8º.</marc:subfield><marc:subfield code="w">(Uk)MP1.0000020427.5</marc:subfield></marc:datafield><marc:datafield tag="775" ind1="0" ind2=" "><marc:subfield code="t">[Cato, etc.]</marc:subfield><marc:subfield code="d">pp. 55. John Miller: London, 1814. 8º.</marc:subfield><marc:subfield code="w">(Uk)MP1.0000020427.6</marc:subfield></marc:datafield><marc:datafield tag="775" ind1="0" ind2=" "><marc:subfield code="t">[Cato, etc.]</marc:subfield><marc:subfield code="d">pp. 56. Whittingham &amp; Arliss: London, 1815. 16º.</marc:subfield><marc:subfield code="w">(Uk)MP1.0000020427.7</marc:subfield></marc:datafield><marc:datafield tag="852" ind1="4" ind2="1"><marc:subfield code="a">British Library</marc:subfield><marc:subfield code="b">HMNTS</marc:subfield><marc:subfield code="j">11784.ee.15.(1.)</marc:subfield></marc:datafield></marc:record>