
<marc:record><marc:leader>00810 am a22002173  4500</marc:leader>
<marc:controlfield tag="001">000018279</marc:controlfield>
<marc:controlfield tag="003">Uk</marc:controlfield><marc:controlfield tag="005">20091125221900.0</marc:controlfield><marc:controlfield tag="008">011217|1806|||||||    ||     ||| |||||  </marc:controlfield><marc:datafield tag="040" ind1=" " ind2=" "><marc:subfield code="a">Uk</marc:subfield><marc:subfield code="c">Uk</marc:subfield></marc:datafield><marc:datafield tag="100" ind1="1" ind2=" "><marc:subfield code="a">Addison, Joseph,</marc:subfield><marc:subfield code="d">1672-1719.</marc:subfield></marc:datafield><marc:datafield tag="240" ind1="1" ind2="0"><marc:subfield code="a">Cato</marc:subfield></marc:datafield><marc:datafield tag="245" ind1="1" ind2="0"><marc:subfield code="a">[Cato, etc.]</marc:subfield></marc:datafield><marc:datafield tag="250" ind1=" " ind2=" "><marc:subfield code="a">[Another edition.] Printed ... from the prompt book. With remarks by Mrs. Inchbald.</marc:subfield></marc:datafield><marc:datafield tag="260" ind1=" " ind2=" "><marc:subfield code="a">London: Longman, Hurst, Rees, and Orme, [1806?].</marc:subfield></marc:datafield><marc:datafield tag="300" ind1=" " ind2=" "><marc:subfield code="a">65, [1]p., plate. 12º.</marc:subfield></marc:datafield><marc:datafield tag="700" ind1="1" ind2=" "><marc:subfield code="a">Inchbald,</marc:subfield><marc:subfield code="c">Mrs.,</marc:subfield><marc:subfield code="d">1753-1821</marc:subfield></marc:datafield><marc:datafield tag="787" ind1="0" ind2=" "><marc:subfield code="t">Cato, etc.</marc:subfield><marc:subfield code="d">pp. 60.</marc:subfield><marc:subfield code="w">(Uk)MP1.0000020427</marc:subfield></marc:datafield><marc:datafield tag="852" ind1="4" ind2="1"><marc:subfield code="a">British Library</marc:subfield><marc:subfield code="b">HMNTS</marc:subfield><marc:subfield code="j">11777.a.58.(4.)</marc:subfield></marc:datafield><marc:datafield tag="852" ind1="4" ind2="1"><marc:subfield code="a">British Library</marc:subfield><marc:subfield code="b">HMNTS</marc:subfield><marc:subfield code="j">1507/314.(8.)</marc:subfield><marc:subfield code="3">[Another copy.] Cato, etc. London, [1806.] 12º.</marc:subfield></marc:datafield><marc:datafield tag="886" ind1="2" ind2=" "><marc:subfield code="2">blmarc</marc:subfield><marc:subfield code="a">709</marc:subfield><marc:subfield code="b">00</marc:subfield><marc:subfield code="a">INCHBALD</marc:subfield><marc:subfield code="h">Elizabeth</marc:subfield><marc:subfield code="p">11777.a.58.(4.)</marc:subfield><marc:subfield code="x">1581100159</marc:subfield></marc:datafield></marc:record>