
<marc:record><marc:leader>01365cam a22002053  4500</marc:leader>
<marc:controlfield tag="001">000018286</marc:controlfield>
<marc:controlfield tag="003">Uk</marc:controlfield><marc:controlfield tag="005">20120418181100.0</marc:controlfield><marc:controlfield tag="008">870814|1817|||||||    ||     ||| |||||  </marc:controlfield><marc:datafield tag="040" ind1=" " ind2=" "><marc:subfield code="a">Uk</marc:subfield><marc:subfield code="c">Uk</marc:subfield></marc:datafield><marc:datafield tag="100" ind1="1" ind2=" "><marc:subfield code="a">Addison, Joseph,</marc:subfield><marc:subfield code="d">1672-1719.</marc:subfield></marc:datafield><marc:datafield tag="240" ind1="1" ind2="0"><marc:subfield code="a">Cato</marc:subfield></marc:datafield><marc:datafield tag="245" ind1="1" ind2="0"><marc:subfield code="a">Tragedy of Cato ... With the life of the author, by Dr. Johnson, etc. [With a titlepage bearing the imprint: C. Cooke: London.]</marc:subfield></marc:datafield><marc:datafield tag="300" ind1=" " ind2=" "><marc:subfield code="a">xlviii, 56 p.</marc:subfield></marc:datafield><marc:datafield tag="580" ind1=" " ind2=" "><marc:subfield code="a">In: The British Drama, a collection ... by R. Cumberland. vol. 1. 1817. 18º.</marc:subfield></marc:datafield><marc:datafield tag="775" ind1="0" ind2=" "><marc:subfield code="t">[Tragedy of Cato ... With the life of the author, by Dr. Johnson, etc. [With a titlepage bearing the imprint: C. Cooke: London.]]</marc:subfield><marc:subfield code="d">pp. 41. Oliver &amp; Boyd: Edinburgh, [1820?] 12º.</marc:subfield><marc:subfield code="w">(Uk)MP1.0000020429.1</marc:subfield></marc:datafield><marc:datafield tag="775" ind1="0" ind2=" "><marc:subfield code="t">[Tragedy of Cato ... With the life of the author, by Dr. Johnson, etc. [With a titlepage bearing the imprint: C. Cooke: London.]]</marc:subfield><marc:subfield code="d">pp. xviii. 51. W. Simpkin &amp; R. Marshall; C. Chapple: London, 1823. 8º.</marc:subfield><marc:subfield code="w">(Uk)MP1.0000020429.2</marc:subfield></marc:datafield><marc:datafield tag="775" ind1="0" ind2=" "><marc:subfield code="t">[Tragedy of Cato ... With the life of the author, by Dr. Johnson, etc. [With a titlepage bearing the imprint: C. Cooke: London.]]</marc:subfield><marc:subfield code="d">1824.</marc:subfield><marc:subfield code="w">(Uk)MP1.0000020429.3</marc:subfield></marc:datafield><marc:datafield tag="775" ind1="0" ind2=" "><marc:subfield code="t">[Tragedy of Cato ... With the life of the author, by Dr. Johnson, etc. [With a titlepage bearing the imprint: C. Cooke: London.]]</marc:subfield><marc:subfield code="d">[1824.]</marc:subfield><marc:subfield code="w">(Uk)MP1.0000020429.4</marc:subfield></marc:datafield><marc:datafield tag="852" ind1="4" ind2="1"><marc:subfield code="a">British Library</marc:subfield><marc:subfield code="b">HMNTS</marc:subfield><marc:subfield code="j">11785.a.1/1.</marc:subfield></marc:datafield></marc:record>