
<marc:record><marc:leader>00930 am a22002413  4500</marc:leader>
<marc:controlfield tag="001">000018291</marc:controlfield>
<marc:controlfield tag="003">Uk</marc:controlfield><marc:controlfield tag="005">20091223214900.0</marc:controlfield><marc:controlfield tag="008">870814|1824|||||||    ||     ||| |||||  </marc:controlfield><marc:datafield tag="040" ind1=" " ind2=" "><marc:subfield code="a">Uk</marc:subfield><marc:subfield code="c">Uk</marc:subfield></marc:datafield><marc:datafield tag="100" ind1="1" ind2=" "><marc:subfield code="a">Addison, Joseph,</marc:subfield><marc:subfield code="d">1672-1719.</marc:subfield></marc:datafield><marc:datafield tag="240" ind1="1" ind2="0"><marc:subfield code="a">Cato</marc:subfield></marc:datafield><marc:datafield tag="245" ind1="1" ind2="0"><marc:subfield code="a">Cato, etc.</marc:subfield></marc:datafield><marc:datafield tag="260" ind1=" " ind2=" "><marc:subfield code="a">London,</marc:subfield><marc:subfield code="c">1824.</marc:subfield></marc:datafield><marc:datafield tag="300" ind1=" " ind2=" "><marc:subfield code="a">51 p. ;</marc:subfield><marc:subfield code="c">12º.</marc:subfield></marc:datafield><marc:datafield tag="490" ind1="0" ind2=" "><marc:subfield code="a">[Dolby's British Theatre. no. 42.]</marc:subfield></marc:datafield><marc:datafield tag="500" ind1=" " ind2=" "><marc:subfield code="a">Wanting the wrapper.</marc:subfield></marc:datafield><marc:datafield tag="775" ind1="0" ind2=" "><marc:subfield code="t">[Cato, etc.]</marc:subfield><marc:subfield code="d">pp. 51. London, [1829?] 12º.</marc:subfield><marc:subfield code="w">(Uk)MP1.0000020430.1</marc:subfield></marc:datafield><marc:datafield tag="775" ind1="0" ind2=" "><marc:subfield code="t">[Cato, etc.]</marc:subfield><marc:subfield code="n">In Penny National Library. The Penny National Library, etc. vol. 5. [1830?] 8º.</marc:subfield><marc:subfield code="w">(Uk)MP1.0000020430.3</marc:subfield></marc:datafield><marc:datafield tag="775" ind1="0" ind2=" "><marc:subfield code="t">[Cato, etc.]</marc:subfield><marc:subfield code="n">In Drama. The Acting Drama, etc. 1834. 8º.</marc:subfield><marc:subfield code="w">(Uk)MP1.0000020430.4</marc:subfield></marc:datafield><marc:datafield tag="775" ind1="0" ind2=" "><marc:subfield code="t">[Cato, etc.]</marc:subfield><marc:subfield code="d">1864.</marc:subfield><marc:subfield code="w">(Uk)MP1.0000020430.5</marc:subfield></marc:datafield><marc:datafield tag="775" ind1="0" ind2=" "><marc:subfield code="t">[Cato, etc.]</marc:subfield><marc:subfield code="d">pp. 50. Samuel French: London, [1874.] 12º.</marc:subfield><marc:subfield code="w">(Uk)MP1.0000020430.6</marc:subfield></marc:datafield><marc:datafield tag="852" ind1="4" ind2="1"><marc:subfield code="a">British Library</marc:subfield><marc:subfield code="b">HMNTS</marc:subfield><marc:subfield code="j">643.a.16/42.</marc:subfield></marc:datafield></marc:record>