
<marc:record><marc:leader>00730cam a22001693  4500</marc:leader>
<marc:controlfield tag="001">000018396</marc:controlfield>
<marc:controlfield tag="003">Uk</marc:controlfield><marc:controlfield tag="005">20101126144700.0</marc:controlfield><marc:controlfield tag="008">870814|1870|||||||    ||     ||| |||||  </marc:controlfield><marc:datafield tag="040" ind1=" " ind2=" "><marc:subfield code="a">Uk</marc:subfield><marc:subfield code="c">Uk</marc:subfield></marc:datafield><marc:datafield tag="100" ind1="1" ind2=" "><marc:subfield code="a">Addison, Joseph,</marc:subfield><marc:subfield code="d">1672-1719.</marc:subfield></marc:datafield><marc:datafield tag="240" ind1="1" ind2="0"><marc:subfield code="a">Essays from the Spectator, Guardian and Tatler</marc:subfield></marc:datafield><marc:datafield tag="245" ind1="1" ind2="0"><marc:subfield code="a">[Wisdom, Wit, and Allegory. Selected from “the Spectator.” [Consisting chiefly of papers written by J. Addison.]]</marc:subfield></marc:datafield><marc:datafield tag="260" ind1=" " ind2=" "><marc:subfield code="a">Edinburgh,</marc:subfield><marc:subfield code="c">[1870]</marc:subfield></marc:datafield><marc:datafield tag="300" ind1=" " ind2=" "><marc:subfield code="c">8º.</marc:subfield></marc:datafield><marc:datafield tag="787" ind1="0" ind2=" "><marc:subfield code="t">Wisdom, Wit, and Allegory. Selected from “the Spectator.” [Consisting chiefly of papers written by J. Addison.]</marc:subfield><marc:subfield code="d">pp. 318. W. P. Nimmo: Edinburgh, 1864. 8º.</marc:subfield><marc:subfield code="w">(Uk)MP1.0000020511</marc:subfield></marc:datafield><marc:datafield tag="852" ind1="4" ind2="1"><marc:subfield code="a">British Library</marc:subfield><marc:subfield code="b">HMNTS</marc:subfield><marc:subfield code="j">P.P.5250.ed.</marc:subfield><marc:subfield code="3">[A reissue.]</marc:subfield></marc:datafield></marc:record>