
<marc:record><marc:leader>00924cam a22001933  4500</marc:leader>
<marc:controlfield tag="001">000018416</marc:controlfield>
<marc:controlfield tag="003">Uk</marc:controlfield><marc:controlfield tag="005">20070105152307.0</marc:controlfield><marc:controlfield tag="008">870814|1806|||||||    ||     ||| ||eng  </marc:controlfield><marc:datafield tag="040" ind1=" " ind2=" "><marc:subfield code="a">Uk</marc:subfield><marc:subfield code="c">Uk</marc:subfield></marc:datafield><marc:datafield tag="100" ind1="1" ind2=" "><marc:subfield code="a">Addison, Joseph,</marc:subfield><marc:subfield code="d">1672-1719.</marc:subfield></marc:datafield><marc:datafield tag="240" ind1="1" ind2="0"><marc:subfield code="a">Evidences of the Christian Religion</marc:subfield></marc:datafield><marc:datafield tag="245" ind1="1" ind2="4"><marc:subfield code="a">The Evidences of the Christian Religion; with additional discourses, etc.</marc:subfield></marc:datafield><marc:datafield tag="260" ind1=" " ind2=" "><marc:subfield code="a">Edinburgh :</marc:subfield><marc:subfield code="b">Arch. Constable &amp; Co. ;</marc:subfield><marc:subfield code="a">Kirkaldy :</marc:subfield><marc:subfield code="b">John Ford,</marc:subfield><marc:subfield code="c">1806.</marc:subfield></marc:datafield><marc:datafield tag="300" ind1=" " ind2=" "><marc:subfield code="a">362 p. ;</marc:subfield><marc:subfield code="c">8º.</marc:subfield></marc:datafield><marc:datafield tag="500" ind1=" " ind2=" "><marc:subfield code="a">The Collins copy is in a nineteenth century Irish blind and gold tooled blue calfskin prize binding with the stamp of Trinity College Dublin on the upper cover..</marc:subfield></marc:datafield><marc:datafield tag="775" ind1="0" ind2=" "><marc:subfield code="t">[The Evidences of the Christian Religion; with additional discourses, etc.]</marc:subfield><marc:subfield code="d">pp. xxxix. 512. F. C. &amp; J. Rivington: London, 1807. 8º.</marc:subfield><marc:subfield code="w">(Uk)MP1.0000020517.1</marc:subfield></marc:datafield><marc:datafield tag="852" ind1="4" ind2="1"><marc:subfield code="a">British Library</marc:subfield><marc:subfield code="b">HMNTS</marc:subfield><marc:subfield code="j">1488.gg.22.</marc:subfield></marc:datafield><marc:datafield tag="852" ind1="4" ind2="1"><marc:subfield code="a">British Library</marc:subfield><marc:subfield code="b">HMNTS</marc:subfield><marc:subfield code="j">Collins 299</marc:subfield></marc:datafield></marc:record>