
<marc:record><marc:leader>00960cam a22002053  4500</marc:leader>
<marc:controlfield tag="001">000018417</marc:controlfield>
<marc:controlfield tag="003">Uk</marc:controlfield><marc:controlfield tag="005">20130520180000.0</marc:controlfield><marc:controlfield tag="008">870814|1807||||enk    ||     ||| |||||  </marc:controlfield><marc:datafield tag="040" ind1=" " ind2=" "><marc:subfield code="a">Uk</marc:subfield><marc:subfield code="c">Uk</marc:subfield></marc:datafield><marc:datafield tag="100" ind1="1" ind2=" "><marc:subfield code="a">Addison, Joseph,</marc:subfield><marc:subfield code="d">1672-1719.</marc:subfield></marc:datafield><marc:datafield tag="240" ind1="1" ind2="0"><marc:subfield code="a">Evidences of the Christian Religion</marc:subfield></marc:datafield><marc:datafield tag="245" ind1="1" ind2="5"><marc:subfield code="a">[The Evidences of the Christian Religion; with additional discourses, etc.]</marc:subfield></marc:datafield><marc:datafield tag="250" ind1=" " ind2=" "><marc:subfield code="a">[Another edition.] With the notes of ... Gabriel Seigneux de Correvon ... translated into English by the Rev. Richard Purdy.</marc:subfield></marc:datafield><marc:datafield tag="260" ind1=" " ind2=" "><marc:subfield code="a">London :</marc:subfield><marc:subfield code="b">F. C. &amp; J. Rivington,</marc:subfield><marc:subfield code="c">1807.</marc:subfield></marc:datafield><marc:datafield tag="300" ind1=" " ind2=" "><marc:subfield code="a">xxxix, 512 p. ;</marc:subfield><marc:subfield code="c">8º.</marc:subfield></marc:datafield><marc:datafield tag="700" ind1="1" ind2=" "><marc:subfield code="a">SEIGNEUX DE CORREVON, Gabriel.</marc:subfield></marc:datafield><marc:datafield tag="787" ind1="0" ind2=" "><marc:subfield code="t">The Evidences of the Christian Religion; with additional discourses, etc.</marc:subfield><marc:subfield code="d">pp. 362. Arch. Constable &amp; Co.: Edinburgh; John Ford: Kirkaldy, 1806. 8º.</marc:subfield><marc:subfield code="w">(Uk)MP1.0000020517</marc:subfield></marc:datafield><marc:datafield tag="852" ind1="4" ind2="1"><marc:subfield code="a">British Library</marc:subfield><marc:subfield code="b">HMNTS</marc:subfield><marc:subfield code="j">1114.e.4.</marc:subfield></marc:datafield><marc:datafield tag="886" ind1="2" ind2=" "><marc:subfield code="2">blmarc</marc:subfield><marc:subfield code="a">709</marc:subfield><marc:subfield code="b">00</marc:subfield><marc:subfield code="a">SEIGNEUX DE CORREVON</marc:subfield><marc:subfield code="h">Gabriel</marc:subfield><marc:subfield code="p">1114.e.4.</marc:subfield><marc:subfield code="x">297333036X</marc:subfield></marc:datafield></marc:record>