
<marc:record><marc:leader>00673cam a22001813  4500</marc:leader>
<marc:controlfield tag="001">000018424</marc:controlfield>
<marc:controlfield tag="003">Uk</marc:controlfield><marc:controlfield tag="005">20130508174800.0</marc:controlfield><marc:controlfield tag="008">981113|1895||||enk    ||     ||| |||||  </marc:controlfield><marc:datafield tag="040" ind1=" " ind2=" "><marc:subfield code="a">Uk</marc:subfield><marc:subfield code="c">Uk</marc:subfield></marc:datafield><marc:datafield tag="100" ind1="1" ind2=" "><marc:subfield code="a">Addison, Joseph,</marc:subfield><marc:subfield code="d">1672-1719.</marc:subfield></marc:datafield><marc:datafield tag="240" ind1="1" ind2="0"><marc:subfield code="a">Notes upon “Paradise Lost.”</marc:subfield></marc:datafield><marc:datafield tag="245" ind1="1" ind2="0"><marc:subfield code="a">[Notes upon the Twelve Books of Paradise Lost, etc.]</marc:subfield></marc:datafield><marc:datafield tag="260" ind1=" " ind2=" "><marc:subfield code="a">Westminster :</marc:subfield><marc:subfield code="b">A. Constable &amp; Co.,</marc:subfield><marc:subfield code="c">1895.</marc:subfield></marc:datafield><marc:datafield tag="300" ind1=" " ind2=" "><marc:subfield code="a">152 p. ;</marc:subfield><marc:subfield code="c">8º.</marc:subfield></marc:datafield><marc:datafield tag="490" ind1="0" ind2=" "><marc:subfield code="a">[Arber (E.) English Reprints. No. 8.]</marc:subfield></marc:datafield><marc:datafield tag="787" ind1="0" ind2=" "><marc:subfield code="t">Notes upon the Twelve Books of Paradise Lost, etc.</marc:subfield><marc:subfield code="d">pp. 144. J. &amp; R. Tonson: London, 1738. 12º.</marc:subfield><marc:subfield code="w">(Uk)MP1.0000020524</marc:subfield></marc:datafield><marc:datafield tag="852" ind1="4" ind2="1"><marc:subfield code="a">British Library</marc:subfield><marc:subfield code="b">HMNTS</marc:subfield><marc:subfield code="j">12204.r.7/8.</marc:subfield><marc:subfield code="3">[A reissue.]</marc:subfield></marc:datafield></marc:record>