
<marc:record><marc:leader>00959cam a22002053  4500</marc:leader>
<marc:controlfield tag="001">000018425</marc:controlfield>
<marc:controlfield tag="003">Uk</marc:controlfield><marc:controlfield tag="005">20130523175500.0</marc:controlfield><marc:controlfield tag="008">981113|1870||||enk    ||     ||| |||||  </marc:controlfield><marc:datafield tag="040" ind1=" " ind2=" "><marc:subfield code="a">Uk</marc:subfield><marc:subfield code="c">Uk</marc:subfield></marc:datafield><marc:datafield tag="100" ind1="1" ind2=" "><marc:subfield code="a">Addison, Joseph,</marc:subfield><marc:subfield code="d">1672-1719.</marc:subfield></marc:datafield><marc:datafield tag="240" ind1="1" ind2="0"><marc:subfield code="a">Notes upon “Paradise Lost.”</marc:subfield></marc:datafield><marc:datafield tag="245" ind1="1" ind2="0"><marc:subfield code="a">[Notes upon the Twelve Books of Paradise Lost, etc.]</marc:subfield></marc:datafield><marc:datafield tag="250" ind1=" " ind2=" "><marc:subfield code="a">[Another edition.] Addison's Criticism on Milton's Paradise Lost ... With notes.</marc:subfield></marc:datafield><marc:datafield tag="260" ind1=" " ind2=" "><marc:subfield code="a">London ;</marc:subfield><marc:subfield code="a">Edinburgh :</marc:subfield><marc:subfield code="b">W. &amp; R. Chambers,</marc:subfield><marc:subfield code="c">1870.</marc:subfield></marc:datafield><marc:datafield tag="300" ind1=" " ind2=" "><marc:subfield code="a">140 p. ;</marc:subfield><marc:subfield code="c">16º.</marc:subfield></marc:datafield><marc:datafield tag="700" ind1="1" ind2=" "><marc:subfield code="a">Milton, John,</marc:subfield><marc:subfield code="d">1608-1674</marc:subfield><marc:subfield code="t">Poetical Works. Paradise Lost. Appendix.</marc:subfield></marc:datafield><marc:datafield tag="787" ind1="0" ind2=" "><marc:subfield code="t">Notes upon the Twelve Books of Paradise Lost, etc.</marc:subfield><marc:subfield code="d">pp. 144. J. &amp; R. Tonson: London, 1738. 12º.</marc:subfield><marc:subfield code="w">(Uk)MP1.0000020524</marc:subfield></marc:datafield><marc:datafield tag="852" ind1="4" ind2="1"><marc:subfield code="a">British Library</marc:subfield><marc:subfield code="b">HMNTS</marc:subfield><marc:subfield code="j">12209.aaa.26.</marc:subfield></marc:datafield><marc:datafield tag="886" ind1="2" ind2=" "><marc:subfield code="2">blmarc</marc:subfield><marc:subfield code="a">709</marc:subfield><marc:subfield code="b">00</marc:subfield><marc:subfield code="a">MILTON</marc:subfield><marc:subfield code="h">John</marc:subfield><marc:subfield code="t">Poetical Works</marc:subfield><marc:subfield code="t">Paradise Lost</marc:subfield><marc:subfield code="t">Appendix</marc:subfield><marc:subfield code="p">011850.f.12.</marc:subfield><marc:subfield code="x">2222610133</marc:subfield><marc:subfield code="p">12209.aaa.26.</marc:subfield><marc:subfield code="p">1485.aaa.1.</marc:subfield><marc:subfield code="p">2324.e.1/8.</marc:subfield><marc:subfield code="x">2222610125</marc:subfield></marc:datafield></marc:record>