
<marc:record><marc:leader>00688 am a22001693  4500</marc:leader>
<marc:controlfield tag="001">000018447</marc:controlfield>
<marc:controlfield tag="003">Uk</marc:controlfield><marc:controlfield tag="005">20091125221900.0</marc:controlfield><marc:controlfield tag="008">980903|1810|||||||    ||     ||| |||||  </marc:controlfield><marc:datafield tag="040" ind1=" " ind2=" "><marc:subfield code="a">Uk</marc:subfield><marc:subfield code="c">Uk</marc:subfield></marc:datafield><marc:datafield tag="100" ind1="1" ind2=" "><marc:subfield code="a">Addison, Joseph,</marc:subfield><marc:subfield code="d">1672-1719.</marc:subfield></marc:datafield><marc:datafield tag="240" ind1="1" ind2="0"><marc:subfield code="a">Remarks on Several Parts of Italy</marc:subfield></marc:datafield><marc:datafield tag="245" ind1="1" ind2="0"><marc:subfield code="a">[Remarks on Several Parts of Italy, &amp;c. in the years 1701, 1702, 1703.]</marc:subfield></marc:datafield><marc:datafield tag="250" ind1=" " ind2=" "><marc:subfield code="a">[Another edition.]</marc:subfield></marc:datafield><marc:datafield tag="580" ind1=" " ind2=" "><marc:subfield code="a">In: Mavor (William F.) General Collection of Voyages &amp; Travels, etc. vol. 14. 1810. 12º.</marc:subfield></marc:datafield><marc:datafield tag="787" ind1="0" ind2=" "><marc:subfield code="t">Remarks on Several Parts of Italy, &amp;c. in the years 1701, 1702, 1703.</marc:subfield><marc:subfield code="d">pp. 303. T. Walker: Dublin, 1773. 12º.</marc:subfield><marc:subfield code="w">(Uk)MP1.0000020530</marc:subfield></marc:datafield><marc:datafield tag="852" ind1="4" ind2="1"><marc:subfield code="a">British Library</marc:subfield><marc:subfield code="b">HMNTS</marc:subfield><marc:subfield code="j">10027.a.</marc:subfield></marc:datafield></marc:record>