
<marc:record><marc:leader>00861cam a22001813  4500</marc:leader>
<marc:controlfield tag="001">000018452</marc:controlfield>
<marc:controlfield tag="003">Uk</marc:controlfield><marc:controlfield tag="005">20120224170000.0</marc:controlfield><marc:controlfield tag="008">870814|1814|||||||    ||     ||| |||||  </marc:controlfield><marc:datafield tag="040" ind1=" " ind2=" "><marc:subfield code="a">Uk</marc:subfield><marc:subfield code="c">Uk</marc:subfield></marc:datafield><marc:datafield tag="100" ind1="1" ind2=" "><marc:subfield code="a">Addison, Joseph,</marc:subfield><marc:subfield code="d">1672-1719.</marc:subfield></marc:datafield><marc:datafield tag="240" ind1="1" ind2="0"><marc:subfield code="a">Remarks on Several Parts of Italy. Appendix</marc:subfield></marc:datafield><marc:datafield tag="245" ind1="1" ind2="3"><marc:subfield code="a">[A Table of the principal matters contained in Mr. Addison's &quot;Remarks on several Parts of Italy, &amp;c. in the years 1701, 1702, 1703.&quot; [A satire.]]</marc:subfield></marc:datafield><marc:datafield tag="250" ind1=" " ind2=" "><marc:subfield code="a">[Another edition.]</marc:subfield></marc:datafield><marc:datafield tag="260" ind1=" " ind2=" "><marc:subfield code="c">1814.</marc:subfield></marc:datafield><marc:datafield tag="580" ind1=" " ind2=" "><marc:subfield code="a">In : Somers (J.) Baron Somers. A Collection of Scarce and Valuable Tracts, etc. vol. 12. 1809, etc. 4º.</marc:subfield></marc:datafield><marc:datafield tag="787" ind1="0" ind2=" "><marc:subfield code="t">A Table of the principal matters contained in Mr. Addison's “Remarks on several Parts of Italy, &amp;c. in the years 1701, 1702, 1703.” [A satire.]</marc:subfield><marc:subfield code="d">[1705?] 8º.</marc:subfield><marc:subfield code="w">(Uk)MP1.0000020532</marc:subfield></marc:datafield><marc:datafield tag="852" ind1="4" ind2="1"><marc:subfield code="a">British Library</marc:subfield><marc:subfield code="b">HMNTS</marc:subfield><marc:subfield code="j">750.g.12.</marc:subfield></marc:datafield></marc:record>