
<marc:record><marc:leader>00869cam a22002293  4500</marc:leader>
<marc:controlfield tag="001">000018494</marc:controlfield>
<marc:controlfield tag="003">Uk</marc:controlfield><marc:controlfield tag="005">20110602073740.0</marc:controlfield><marc:controlfield tag="008">980824s1803    enkch         001 0deng  </marc:controlfield><marc:datafield tag="040" ind1=" " ind2=" "><marc:subfield code="a">Uk</marc:subfield><marc:subfield code="c">Uk</marc:subfield><marc:subfield code="d">Uk</marc:subfield></marc:datafield><marc:datafield tag="245" ind1="0" ind2="0"><marc:subfield code="a">Addisoniana.</marc:subfield></marc:datafield><marc:datafield tag="260" ind1=" " ind2=" "><marc:subfield code="a">[London] :</marc:subfield><marc:subfield code="b">Printed for Richard Phillips by T. Davison,</marc:subfield><marc:subfield code="c">[1803.]</marc:subfield></marc:datafield><marc:datafield tag="300" ind1=" " ind2=" "><marc:subfield code="a">2 v., plates (some fold.) :</marc:subfield><marc:subfield code="b">facsims, ports. ;</marc:subfield><marc:subfield code="c">12º.</marc:subfield></marc:datafield><marc:datafield tag="500" ind1=" " ind2=" "><marc:subfield code="a">Prefixed with a sketch of the life of Addison.</marc:subfield></marc:datafield><marc:datafield tag="500" ind1=" " ind2=" "><marc:subfield code="a">Attributed to Sir Richard Phillips. Cf. Halkett &amp; Laing.</marc:subfield></marc:datafield><marc:datafield tag="500" ind1=" " ind2=" "><marc:subfield code="a">Preface dated Sept. 10, 1803.</marc:subfield></marc:datafield><marc:datafield tag="600" ind1="1" ind2="0"><marc:subfield code="a">Addison, Joseph,</marc:subfield><marc:subfield code="d">1672-1719.</marc:subfield></marc:datafield><marc:datafield tag="700" ind1="1" ind2=" "><marc:subfield code="a">Phillips, R.</marc:subfield><marc:subfield code="q">(Richard),</marc:subfield><marc:subfield code="c">Sir,</marc:subfield><marc:subfield code="d">1767-1840.</marc:subfield></marc:datafield><marc:datafield tag="852" ind1="4" ind2="1"><marc:subfield code="a">British Library</marc:subfield><marc:subfield code="b">DSC</marc:subfield><marc:subfield code="j">W31/1087</marc:subfield><marc:subfield code="i">vol. 1</marc:subfield></marc:datafield><marc:datafield tag="852" ind1="4" ind2="1"><marc:subfield code="a">British Library</marc:subfield><marc:subfield code="b">HMNTS</marc:subfield><marc:subfield code="j">246.e.9,10.</marc:subfield></marc:datafield><marc:datafield tag="852" ind1="4" ind2="1"><marc:subfield code="a">British Library</marc:subfield><marc:subfield code="b">HMNTS</marc:subfield><marc:subfield code="j">10824.a.16.</marc:subfield><marc:subfield code="3">[Another copy.]</marc:subfield></marc:datafield><marc:datafield tag="852" ind1="4" ind2="1"><marc:subfield code="a">British Library</marc:subfield><marc:subfield code="b">DSC</marc:subfield><marc:subfield code="j">W16/0534</marc:subfield><marc:subfield code="i">vol. 2</marc:subfield></marc:datafield></marc:record>