
<marc:record><marc:leader>00453cam a22001453  4500</marc:leader>
<marc:controlfield tag="001">000018561</marc:controlfield>
<marc:controlfield tag="003">Uk</marc:controlfield><marc:controlfield tag="005">20121019150000.0</marc:controlfield><marc:controlfield tag="008">870814|1820|||||||    ||     ||| |||||  </marc:controlfield><marc:datafield tag="040" ind1=" " ind2=" "><marc:subfield code="a">Uk</marc:subfield><marc:subfield code="c">Uk</marc:subfield></marc:datafield><marc:datafield tag="100" ind1="1" ind2=" "><marc:subfield code="a">ADDISON, William,</marc:subfield><marc:subfield code="c">Writing Master.</marc:subfield></marc:datafield><marc:datafield tag="245" ind1="1" ind2="0"><marc:subfield code="a">Latin Sentences; written for the use of schools, and private families, and engraved, etc. [Engraved plates].</marc:subfield></marc:datafield><marc:datafield tag="260" ind1=" " ind2=" "><marc:subfield code="a">London,</marc:subfield><marc:subfield code="c">[1820?]</marc:subfield></marc:datafield><marc:datafield tag="300" ind1=" " ind2=" "><marc:subfield code="c">obl. 4º.</marc:subfield></marc:datafield><marc:datafield tag="852" ind1="4" ind2="1"><marc:subfield code="a">British Library</marc:subfield><marc:subfield code="b">HMNTS</marc:subfield><marc:subfield code="j">871.h.58.</marc:subfield></marc:datafield></marc:record>