
<marc:record><marc:leader>00470cam a22001453  4500</marc:leader>
<marc:controlfield tag="001">000018638</marc:controlfield>
<marc:controlfield tag="003">Uk</marc:controlfield><marc:controlfield tag="005">20110421155500.0</marc:controlfield><marc:controlfield tag="008">870814|1874|||||||    ||    |||| |||||  </marc:controlfield><marc:datafield tag="040" ind1=" " ind2=" "><marc:subfield code="a">Uk</marc:subfield><marc:subfield code="c">Uk</marc:subfield></marc:datafield><marc:datafield tag="245" ind1="1" ind2="3"><marc:subfield code="a">An Address on the necessity of free inquiry and plain speaking, at the inauguration of the Liberal Social Union, etc.</marc:subfield></marc:datafield><marc:datafield tag="260" ind1=" " ind2=" "><marc:subfield code="a">London :</marc:subfield><marc:subfield code="b">Thomas Scott,</marc:subfield><marc:subfield code="c">1874.</marc:subfield></marc:datafield><marc:datafield tag="300" ind1=" " ind2=" "><marc:subfield code="a">15 p. ;</marc:subfield><marc:subfield code="c">12º.</marc:subfield></marc:datafield><marc:datafield tag="720" ind1=" " ind2=" "><marc:subfield code="a">ADDRESS</marc:subfield><marc:subfield code="e">main entry</marc:subfield></marc:datafield><marc:datafield tag="852" ind1="4" ind2="1"><marc:subfield code="a">British Library</marc:subfield><marc:subfield code="b">HMNTS</marc:subfield><marc:subfield code="j">4017.e.6.(1.)</marc:subfield></marc:datafield></marc:record>