
<marc:record><marc:leader>00710cam a22001693  4500</marc:leader>
<marc:controlfield tag="001">000018672</marc:controlfield>
<marc:controlfield tag="003">Uk</marc:controlfield><marc:controlfield tag="005">20130708175200.0</marc:controlfield><marc:controlfield tag="008">970226|1822||||enk    ||    |||| |||||  </marc:controlfield><marc:datafield tag="040" ind1=" " ind2=" "><marc:subfield code="a">Uk</marc:subfield><marc:subfield code="c">Uk</marc:subfield></marc:datafield><marc:datafield tag="245" ind1="1" ind2="3"><marc:subfield code="a">An address to parents, on the present state of vaccination in this country; with an impartial estimate of the protection which it is calculated to afford against the smallpox. By a candid observer.</marc:subfield></marc:datafield><marc:datafield tag="260" ind1=" " ind2=" "><marc:subfield code="a">London :</marc:subfield><marc:subfield code="b">Longman, Hurst, Rees, Orme, &amp; Brown,</marc:subfield><marc:subfield code="c">1822.</marc:subfield></marc:datafield><marc:datafield tag="300" ind1=" " ind2=" "><marc:subfield code="a">67 p. ;</marc:subfield><marc:subfield code="c">8º.</marc:subfield></marc:datafield><marc:datafield tag="710" ind1="1" ind2=" "><marc:subfield code="a">England.</marc:subfield><marc:subfield code="t"> Appendix. Miscellaneous</marc:subfield></marc:datafield><marc:datafield tag="720" ind1=" " ind2=" "><marc:subfield code="a">ADDRESS</marc:subfield><marc:subfield code="e">main entry</marc:subfield></marc:datafield><marc:datafield tag="852" ind1="4" ind2="1"><marc:subfield code="a">British Library</marc:subfield><marc:subfield code="b">HMNTS</marc:subfield><marc:subfield code="j">T.957.(6.)</marc:subfield></marc:datafield><marc:datafield tag="886" ind1="2" ind2=" "><marc:subfield code="2">blmarc</marc:subfield><marc:subfield code="a">709</marc:subfield><marc:subfield code="b">00</marc:subfield><marc:subfield code="a">ENGLAND</marc:subfield><marc:subfield code="t">Appendix</marc:subfield><marc:subfield code="t">Miscellaneous</marc:subfield><marc:subfield code="p">T.957.(6.)</marc:subfield><marc:subfield code="x">1004660014</marc:subfield></marc:datafield></marc:record>