
<marc:record><marc:leader>00898cam a22001933  4500</marc:leader>
<marc:controlfield tag="001">000018681</marc:controlfield>
<marc:controlfield tag="003">Uk</marc:controlfield><marc:controlfield tag="005">20120302164100.0</marc:controlfield><marc:controlfield tag="008">970827|1817|||||||    ||    |||| |||||  </marc:controlfield><marc:datafield tag="040" ind1=" " ind2=" "><marc:subfield code="a">Uk</marc:subfield><marc:subfield code="c">Uk</marc:subfield></marc:datafield><marc:datafield tag="245" ind1="1" ind2="4"><marc:subfield code="a">[An address to Protestant Dissenters, recommending the practice of sitting while singing the praises of God in public worship.]</marc:subfield></marc:datafield><marc:datafield tag="250" ind1=" " ind2=" "><marc:subfield code="a">(Second edition.).</marc:subfield></marc:datafield><marc:datafield tag="260" ind1=" " ind2=" "><marc:subfield code="a">London :</marc:subfield><marc:subfield code="b">printed for the Author,</marc:subfield><marc:subfield code="c">1817.</marc:subfield></marc:datafield><marc:datafield tag="300" ind1=" " ind2=" "><marc:subfield code="a">24 p. ;</marc:subfield><marc:subfield code="c">12º.</marc:subfield></marc:datafield><marc:datafield tag="720" ind1=" " ind2=" "><marc:subfield code="a">ADDRESS</marc:subfield><marc:subfield code="e">main entry</marc:subfield></marc:datafield><marc:datafield tag="720" ind1=" " ind2=" "><marc:subfield code="a">PROTESTANT DISSENTERS</marc:subfield></marc:datafield><marc:datafield tag="787" ind1="0" ind2=" "><marc:subfield code="t">An address to Protestant Dissenters, recommending the practice of sitting while singing the praises of God in public worship.</marc:subfield><marc:subfield code="d">London: printed for the Author, 1807. pp. 24. 12º.</marc:subfield><marc:subfield code="w">(Uk)MP1.0000020749</marc:subfield></marc:datafield><marc:datafield tag="852" ind1="4" ind2="1"><marc:subfield code="a">British Library</marc:subfield><marc:subfield code="b">HMNTS</marc:subfield><marc:subfield code="j">3456.dd.10.</marc:subfield></marc:datafield><marc:datafield tag="886" ind1="2" ind2=" "><marc:subfield code="2">blmarc</marc:subfield><marc:subfield code="a">709</marc:subfield><marc:subfield code="b">00</marc:subfield><marc:subfield code="a">PROTESTANT DISSENTERS</marc:subfield><marc:subfield code="p">1486.df.17.(2.)</marc:subfield><marc:subfield code="x">2663100056</marc:subfield><marc:subfield code="p">3456.dd.10.</marc:subfield><marc:subfield code="p">4477.aa.89.</marc:subfield><marc:subfield code="x">2663100064</marc:subfield></marc:datafield></marc:record>