
<marc:record><marc:leader>00796cam a22001933  4500</marc:leader>
<marc:controlfield tag="001">000018689</marc:controlfield>
<marc:controlfield tag="003">Uk</marc:controlfield><marc:controlfield tag="005">20120810043300.0</marc:controlfield><marc:controlfield tag="008">870814|1802|||||||    ||    |||| |||||  </marc:controlfield><marc:datafield tag="040" ind1=" " ind2=" "><marc:subfield code="a">Uk</marc:subfield><marc:subfield code="c">Uk</marc:subfield></marc:datafield><marc:datafield tag="245" ind1="1" ind2="4"><marc:subfield code="a">[An Address to the Bachelors. By a bird at Bromsgrove [i.e. John Crane?]. In verse.]</marc:subfield></marc:datafield><marc:datafield tag="250" ind1=" " ind2=" "><marc:subfield code="a">[Another edition.]</marc:subfield></marc:datafield><marc:datafield tag="260" ind1=" " ind2=" "><marc:subfield code="a">Birmingham :</marc:subfield><marc:subfield code="b">The Author,</marc:subfield><marc:subfield code="c">[1802.].</marc:subfield></marc:datafield><marc:datafield tag="300" ind1=" " ind2=" "><marc:subfield code="a">21 p. ;</marc:subfield><marc:subfield code="c">16º.</marc:subfield></marc:datafield><marc:datafield tag="700" ind1="1" ind2=" "><marc:subfield code="a">Crane, John,</marc:subfield><marc:subfield code="c">of Bromsgrove.</marc:subfield></marc:datafield><marc:datafield tag="720" ind1=" " ind2=" "><marc:subfield code="a">ADDRESS</marc:subfield><marc:subfield code="e">main entry</marc:subfield></marc:datafield><marc:datafield tag="787" ind1="0" ind2=" "><marc:subfield code="t">An Address to the Bachelors. By a bird at Bromsgrove [i.e. John Crane?]. In verse.</marc:subfield><marc:subfield code="d">pp. 22. The Author: Birmingham, 1796. 12º.</marc:subfield><marc:subfield code="w">(Uk)MP1.0000020754</marc:subfield></marc:datafield><marc:datafield tag="852" ind1="4" ind2="1"><marc:subfield code="a">British Library</marc:subfield><marc:subfield code="b">HMNTS</marc:subfield><marc:subfield code="j">992.g.11.(4.)</marc:subfield></marc:datafield><marc:datafield tag="886" ind1="2" ind2=" "><marc:subfield code="2">blmarc</marc:subfield><marc:subfield code="a">709</marc:subfield><marc:subfield code="b">00</marc:subfield><marc:subfield code="a">CRANE</marc:subfield><marc:subfield code="h">John</marc:subfield><marc:subfield code="f">of Bromsgrove</marc:subfield><marc:subfield code="p">1163.a.1.</marc:subfield><marc:subfield code="x">0721550010</marc:subfield><marc:subfield code="p">992.g.11.(4.)</marc:subfield><marc:subfield code="x">0721550010</marc:subfield></marc:datafield></marc:record>