
<marc:record><marc:leader>00817cam a22001933  4500</marc:leader>
<marc:controlfield tag="001">000018707</marc:controlfield>
<marc:controlfield tag="003">Uk</marc:controlfield><marc:controlfield tag="005">20121218171100.0</marc:controlfield><marc:controlfield tag="008">870814|1832|||||||    ||    |||| |||||  </marc:controlfield><marc:datafield tag="040" ind1=" " ind2=" "><marc:subfield code="a">Uk</marc:subfield><marc:subfield code="c">Uk</marc:subfield></marc:datafield><marc:datafield tag="245" ind1="1" ind2="4"><marc:subfield code="a">[An address to the Dissenters of England on the subject of tithes. By a Dissenter.]</marc:subfield></marc:datafield><marc:datafield tag="250" ind1=" " ind2=" "><marc:subfield code="a">Second edition: with a notice of a criticism in the Eclectic Review, &amp;c.</marc:subfield></marc:datafield><marc:datafield tag="260" ind1=" " ind2=" "><marc:subfield code="a">London :</marc:subfield><marc:subfield code="b">George Wightman,</marc:subfield><marc:subfield code="c">[1832]</marc:subfield></marc:datafield><marc:datafield tag="300" ind1=" " ind2=" "><marc:subfield code="a">viii, 24 p. ;</marc:subfield><marc:subfield code="c">8º.</marc:subfield></marc:datafield><marc:datafield tag="720" ind1=" " ind2=" "><marc:subfield code="a">ADDRESS</marc:subfield><marc:subfield code="e">main entry</marc:subfield></marc:datafield><marc:datafield tag="720" ind1=" " ind2=" "><marc:subfield code="a">DISSENTER</marc:subfield></marc:datafield><marc:datafield tag="787" ind1="0" ind2=" "><marc:subfield code="t">An address to the Dissenters of England on the subject of tithes. By a Dissenter.</marc:subfield><marc:subfield code="d">London: George Wightman, 1832. pp. 24. 8º.</marc:subfield><marc:subfield code="w">(Uk)MP1.0000020771</marc:subfield></marc:datafield><marc:datafield tag="852" ind1="4" ind2="1"><marc:subfield code="a">British Library</marc:subfield><marc:subfield code="b">HMNTS</marc:subfield><marc:subfield code="j">T.1452.(3.)</marc:subfield></marc:datafield><marc:datafield tag="886" ind1="2" ind2=" "><marc:subfield code="2">blmarc</marc:subfield><marc:subfield code="a">709</marc:subfield><marc:subfield code="b">00</marc:subfield><marc:subfield code="a">DISSENTER</marc:subfield><marc:subfield code="p">T.1452.(3.)</marc:subfield><marc:subfield code="x">0842510036</marc:subfield><marc:subfield code="p">5155.c.93.(2.)</marc:subfield><marc:subfield code="x">0842510036</marc:subfield></marc:datafield></marc:record>