
<marc:record><marc:leader>00648 am a22001573  4500</marc:leader>
<marc:controlfield tag="001">000018710</marc:controlfield>
<marc:controlfield tag="003">Uk</marc:controlfield><marc:controlfield tag="005">20080522134246.0</marc:controlfield><marc:controlfield tag="008">011020s1833    enk           000 0 eng  </marc:controlfield><marc:datafield tag="040" ind1=" " ind2=" "><marc:subfield code="a">Uk</marc:subfield><marc:subfield code="c">Uk</marc:subfield></marc:datafield><marc:datafield tag="100" ind1="1" ind2=" "><marc:subfield code="a">Sargant, J. A.</marc:subfield><marc:subfield code="q">(Jane Alice)</marc:subfield></marc:datafield><marc:datafield tag="245" ind1="1" ind2="3"><marc:subfield code="a">An address to the females of Great Britain, on the propriety of their petitioning Parliament for the abolition of negro slavery. By an Englishwoman [i.e. Jane Alice Sargant?], etc.</marc:subfield></marc:datafield><marc:datafield tag="260" ind1=" " ind2=" "><marc:subfield code="a">London :</marc:subfield><marc:subfield code="b">J.G. &amp; F. Rivington; Whittaker, Treacher,</marc:subfield><marc:subfield code="c">1833.</marc:subfield></marc:datafield><marc:datafield tag="300" ind1=" " ind2=" "><marc:subfield code="a">11 p. ;</marc:subfield><marc:subfield code="c">12º.</marc:subfield></marc:datafield><marc:datafield tag="852" ind1="4" ind2="1"><marc:subfield code="a">British Library</marc:subfield><marc:subfield code="b">HMNTS</marc:subfield><marc:subfield code="j">T.1445.(12.)</marc:subfield></marc:datafield><marc:datafield tag="886" ind1="2" ind2=" "><marc:subfield code="2">blmarc</marc:subfield><marc:subfield code="a">709</marc:subfield><marc:subfield code="b">00</marc:subfield><marc:subfield code="a">SARGANT</marc:subfield><marc:subfield code="h">Jane Alice</marc:subfield><marc:subfield code="p">T.1445.(12.)</marc:subfield><marc:subfield code="x">290192011X</marc:subfield></marc:datafield></marc:record>