
<marc:record><marc:leader>00930cam a22001813  4500</marc:leader>
<marc:controlfield tag="001">000018713</marc:controlfield>
<marc:controlfield tag="003">Uk</marc:controlfield><marc:controlfield tag="005">20111222151700.0</marc:controlfield><marc:controlfield tag="008">980211|1800|||||||    ||    |||| |||||  </marc:controlfield><marc:datafield tag="040" ind1=" " ind2=" "><marc:subfield code="a">Uk</marc:subfield><marc:subfield code="c">Uk</marc:subfield></marc:datafield><marc:datafield tag="245" ind1="1" ind2="3"><marc:subfield code="a">An Address to the Good Sense and Candour of the People, in behalf of the dealers in corn: with some few observations on a late trial for regrating. By a Country Gentleman [i.e. Sir Thomas Turton].</marc:subfield></marc:datafield><marc:datafield tag="260" ind1=" " ind2=" "><marc:subfield code="a">London :</marc:subfield><marc:subfield code="b">T. Egerton,</marc:subfield><marc:subfield code="c">1800.</marc:subfield></marc:datafield><marc:datafield tag="300" ind1=" " ind2=" "><marc:subfield code="a">178 p. ;</marc:subfield><marc:subfield code="c">8º.</marc:subfield></marc:datafield><marc:datafield tag="700" ind1="1" ind2=" "><marc:subfield code="a">TURTON, Thomas,</marc:subfield><marc:subfield code="c">Sir,</marc:subfield><marc:subfield code="c">Bart.</marc:subfield></marc:datafield><marc:datafield tag="720" ind1=" " ind2=" "><marc:subfield code="a">ADDRESS</marc:subfield><marc:subfield code="e">main entry</marc:subfield></marc:datafield><marc:datafield tag="775" ind1="0" ind2=" "><marc:subfield code="t">[An Address to the Good Sense and Candour of the People, in behalf of the dealers in corn: with some few observations on a late trial for regrating. By a Country Gentleman [i.e. Sir Thomas Turton].]</marc:subfield><marc:subfield code="d">London, 1800. 8º.</marc:subfield><marc:subfield code="w">(Uk)MP1.0000020777.1</marc:subfield></marc:datafield><marc:datafield tag="852" ind1="4" ind2="1"><marc:subfield code="a">British Library</marc:subfield><marc:subfield code="b">HMNTS</marc:subfield><marc:subfield code="j">1103.h.41.</marc:subfield></marc:datafield><marc:datafield tag="886" ind1="2" ind2=" "><marc:subfield code="2">blmarc</marc:subfield><marc:subfield code="a">709</marc:subfield><marc:subfield code="b">00</marc:subfield><marc:subfield code="a">TURTON</marc:subfield><marc:subfield code="e">Sir</marc:subfield><marc:subfield code="h">Thomas</marc:subfield><marc:subfield code="f">Bart.</marc:subfield><marc:subfield code="p">1103.h.41.</marc:subfield><marc:subfield code="x">3312240212</marc:subfield></marc:datafield></marc:record>