
<marc:record><marc:leader>00852cam a22002293  4500</marc:leader>
<marc:controlfield tag="001">000018728</marc:controlfield>
<marc:controlfield tag="003">Uk</marc:controlfield><marc:controlfield tag="005">20130718180500.0</marc:controlfield><marc:controlfield tag="008">961218|1815||||fr     ||    |||| |||||  </marc:controlfield><marc:datafield tag="040" ind1=" " ind2=" "><marc:subfield code="a">Uk</marc:subfield><marc:subfield code="c">Uk</marc:subfield></marc:datafield><marc:datafield tag="245" ind1="1" ind2="0"><marc:subfield code="a">Mémoire adressé à Louis-Stanislas-Xavier, lors de son retour en France. Par un Anglais. [Translated from Cobbett's Political Register, April, 1814. No. 18.]</marc:subfield></marc:datafield><marc:datafield tag="260" ind1=" " ind2=" "><marc:subfield code="a">Paris :</marc:subfield><marc:subfield code="b">Imprimerie de Doublet,</marc:subfield><marc:subfield code="c">1815.</marc:subfield></marc:datafield><marc:datafield tag="300" ind1=" " ind2=" "><marc:subfield code="a">21 p. ;</marc:subfield><marc:subfield code="c">8º.</marc:subfield></marc:datafield><marc:datafield tag="500" ind1=" " ind2=" "><marc:subfield code="a">A translation of the preceding.</marc:subfield></marc:datafield><marc:datafield tag="720" ind1=" " ind2=" "><marc:subfield code="a">ADDRESS</marc:subfield><marc:subfield code="e">main entry</marc:subfield></marc:datafield><marc:datafield tag="720" ind1=" " ind2=" "><marc:subfield code="a">ANGLAIS</marc:subfield></marc:datafield><marc:datafield tag="720" ind1=" " ind2=" "><marc:subfield code="a">ENGLISHMAN</marc:subfield></marc:datafield><marc:datafield tag="720" ind1=" " ind2=" "><marc:subfield code="a">MÉMOIRE</marc:subfield></marc:datafield><marc:datafield tag="852" ind1="4" ind2="1"><marc:subfield code="a">British Library</marc:subfield><marc:subfield code="b">HMNTS</marc:subfield><marc:subfield code="j">T.2169.(17.)</marc:subfield></marc:datafield><marc:datafield tag="886" ind1="2" ind2=" "><marc:subfield code="2">blmarc</marc:subfield><marc:subfield code="a">709</marc:subfield><marc:subfield code="b">00</marc:subfield><marc:subfield code="a">ANGLAIS</marc:subfield><marc:subfield code="p">T.2169.(17.)</marc:subfield><marc:subfield code="x">008430006X</marc:subfield></marc:datafield><marc:datafield tag="886" ind1="2" ind2=" "><marc:subfield code="2">blmarc</marc:subfield><marc:subfield code="a">709</marc:subfield><marc:subfield code="b">00</marc:subfield><marc:subfield code="a">ENGLISHMAN</marc:subfield><marc:subfield code="p">T.2169.(17.)</marc:subfield><marc:subfield code="x">1011160021</marc:subfield></marc:datafield><marc:datafield tag="886" ind1="2" ind2=" "><marc:subfield code="2">blmarc</marc:subfield><marc:subfield code="a">709</marc:subfield><marc:subfield code="b">00</marc:subfield><marc:subfield code="a">MÉMOIRE</marc:subfield><marc:subfield code="p">T.2169.(17.)</marc:subfield><marc:subfield code="x">2181020213</marc:subfield></marc:datafield></marc:record>