
<marc:record><marc:leader>00762cam a22001693  4500</marc:leader>
<marc:controlfield tag="001">000018739</marc:controlfield>
<marc:controlfield tag="003">Uk</marc:controlfield><marc:controlfield tag="005">20130708175200.0</marc:controlfield><marc:controlfield tag="008">960117|1835||||enk    ||    |||| |||||  </marc:controlfield><marc:datafield tag="040" ind1=" " ind2=" "><marc:subfield code="a">Uk</marc:subfield><marc:subfield code="c">Uk</marc:subfield></marc:datafield><marc:datafield tag="245" ind1="1" ind2="3"><marc:subfield code="a">An address to the most reverend and right reverend fathers in God, the archbishops and bishops of the Church of England, on the internal discipline of the Church. By a Low Churchman.</marc:subfield></marc:datafield><marc:datafield tag="260" ind1=" " ind2=" "><marc:subfield code="a">London :</marc:subfield><marc:subfield code="b">Longman, Rees, Orme, Brown, Green, &amp; Longman,</marc:subfield><marc:subfield code="c">1835.</marc:subfield></marc:datafield><marc:datafield tag="300" ind1=" " ind2=" "><marc:subfield code="a">42 p. ;</marc:subfield><marc:subfield code="c">8º.</marc:subfield></marc:datafield><marc:datafield tag="710" ind1="2" ind2=" "><marc:subfield code="a">Church of England</marc:subfield><marc:subfield code="t">Appendix.</marc:subfield></marc:datafield><marc:datafield tag="720" ind1=" " ind2=" "><marc:subfield code="a">ADDRESS</marc:subfield><marc:subfield code="e">main entry</marc:subfield></marc:datafield><marc:datafield tag="852" ind1="4" ind2="1"><marc:subfield code="a">British Library</marc:subfield><marc:subfield code="b">HMNTS</marc:subfield><marc:subfield code="j">T.1909.(10.)</marc:subfield></marc:datafield><marc:datafield tag="886" ind1="2" ind2=" "><marc:subfield code="2">blmarc</marc:subfield><marc:subfield code="a">709</marc:subfield><marc:subfield code="b">00</marc:subfield><marc:subfield code="a">ENGLAND</marc:subfield><marc:subfield code="d">Churches and Religious Bodies</marc:subfield><marc:subfield code="d">Church of England</marc:subfield><marc:subfield code="d">Archbishops and Bishops</marc:subfield><marc:subfield code="t">Appendix</marc:subfield><marc:subfield code="p">T.1909.(10.)</marc:subfield><marc:subfield code="x">0991250192</marc:subfield></marc:datafield></marc:record>