
<marc:record><marc:leader>02596cam a22002773  4500</marc:leader>
<marc:controlfield tag="001">000018756</marc:controlfield>
<marc:controlfield tag="003">Uk</marc:controlfield><marc:controlfield tag="005">20130611183900.0</marc:controlfield><marc:controlfield tag="008">870814|1836|||||||    ||    |||| |||||  </marc:controlfield><marc:datafield tag="040" ind1=" " ind2=" "><marc:subfield code="a">Uk</marc:subfield><marc:subfield code="c">Uk</marc:subfield></marc:datafield><marc:datafield tag="245" ind1="1" ind2="3"><marc:subfield code="a">An address to the people of Scotland, occasioned by the present disputes on the &quot;Constitution of man&quot; ... With a postscript, containing strictures on articles V. and VI. in no. CXXIX of the Edinburgh Review. By one of themselves.</marc:subfield></marc:datafield><marc:datafield tag="260" ind1=" " ind2=" "><marc:subfield code="a">Edinburgh :</marc:subfield><marc:subfield code="b">M. Paterson,</marc:subfield><marc:subfield code="c">1836.</marc:subfield></marc:datafield><marc:datafield tag="300" ind1=" " ind2=" "><marc:subfield code="a">276 p. ;</marc:subfield><marc:subfield code="c">8º.</marc:subfield></marc:datafield><marc:datafield tag="500" ind1=" " ind2=" "><marc:subfield code="a">With reference to articles by Joseph Sortain and William Hamilton on “A history of the English episcopacy” by Thomas Lathbury, and “Three lectures on the proper objects and methods of instruction ... and on ... classical education”, by James Pillans, respectively.</marc:subfield></marc:datafield><marc:datafield tag="700" ind1="1" ind2=" "><marc:subfield code="a">COMBE, George</marc:subfield><marc:subfield code="c">(Phrenologist)</marc:subfield><marc:subfield code="t">The constitution of man ... A facsimile reproduction with an introduction by Eric T. Carlson.</marc:subfield></marc:datafield><marc:datafield tag="700" ind1="1" ind2=" "><marc:subfield code="a">Hamilton, William,</marc:subfield><marc:subfield code="c">Sir,</marc:subfield><marc:subfield code="d">1788-1856</marc:subfield></marc:datafield><marc:datafield tag="700" ind1="1" ind2=" "><marc:subfield code="a">LATHBURY, Thomas,</marc:subfield><marc:subfield code="c">Rev..</marc:subfield><marc:subfield code="t">A history of the English Episcopacy: from the period of the Long Parliament to the Act of Uniformity; with notices of the religious parties of the time, and a review of ecclesiastical affairs in England from the Reformation.</marc:subfield></marc:datafield><marc:datafield tag="700" ind1="1" ind2=" "><marc:subfield code="a">PILLANS, James.</marc:subfield><marc:subfield code="t">Three Lectures on the proper objects and methods of instruction in reference to the different orders of society; and on the relative utility of classical instruction. Delivered in the University of Edinburgh, November 1835.</marc:subfield></marc:datafield><marc:datafield tag="700" ind1="1" ind2=" "><marc:subfield code="a">SORTAIN, Joseph.</marc:subfield></marc:datafield><marc:datafield tag="720" ind1=" " ind2=" "><marc:subfield code="a">ADDRESS</marc:subfield><marc:subfield code="e">main entry</marc:subfield></marc:datafield><marc:datafield tag="852" ind1="4" ind2="1"><marc:subfield code="a">British Library</marc:subfield><marc:subfield code="b">HMNTS</marc:subfield><marc:subfield code="j">1609/6315.</marc:subfield></marc:datafield><marc:datafield tag="886" ind1="2" ind2=" "><marc:subfield code="2">blmarc</marc:subfield><marc:subfield code="a">709</marc:subfield><marc:subfield code="b">00</marc:subfield><marc:subfield code="a">COMBE</marc:subfield><marc:subfield code="h">George</marc:subfield><marc:subfield code="f">Phrenologist</marc:subfield><marc:subfield code="t">The constitution of man ... A facsimile reproduction with an introduction by Eric T. Carlson.</marc:subfield><marc:subfield code="p">1609/6315.</marc:subfield><marc:subfield code="x">0670530093</marc:subfield></marc:datafield><marc:datafield tag="886" ind1="2" ind2=" "><marc:subfield code="2">blmarc</marc:subfield><marc:subfield code="a">709</marc:subfield><marc:subfield code="b">00</marc:subfield><marc:subfield code="a">HAMILTON</marc:subfield><marc:subfield code="e">Sir</marc:subfield><marc:subfield code="h">William</marc:subfield><marc:subfield code="f">Bart., Professor of Logic at Edinburgh</marc:subfield><marc:subfield code="p">1609/6315.</marc:subfield><marc:subfield code="x">1384360107</marc:subfield></marc:datafield><marc:datafield tag="886" ind1="2" ind2=" "><marc:subfield code="2">blmarc</marc:subfield><marc:subfield code="a">709</marc:subfield><marc:subfield code="b">00</marc:subfield><marc:subfield code="a">LATHBURY</marc:subfield><marc:subfield code="h">Thomas</marc:subfield><marc:subfield code="f">Rev.</marc:subfield><marc:subfield code="t">A history of the English Episcopacy: from the period of the Long Parliament to the Act of Uniformity; with notices of the religious parties of the time, and a review of ecclesiastical affairs in England from the Reformation.</marc:subfield><marc:subfield code="p">1609/6315.</marc:subfield><marc:subfield code="x">1851080082</marc:subfield></marc:datafield><marc:datafield tag="886" ind1="2" ind2=" "><marc:subfield code="2">blmarc</marc:subfield><marc:subfield code="a">709</marc:subfield><marc:subfield code="b">00</marc:subfield><marc:subfield code="a">PILLANS</marc:subfield><marc:subfield code="h">James</marc:subfield><marc:subfield code="t">Three Lectures on the proper objects and methods of instruction in reference to the different orders of society; and on the relative utility of classical instruction. Delivered in the University of Edinburgh, November 1835.</marc:subfield><marc:subfield code="p">1609/6315.</marc:subfield><marc:subfield code="x">2590940289</marc:subfield></marc:datafield><marc:datafield tag="886" ind1="2" ind2=" "><marc:subfield code="2">blmarc</marc:subfield><marc:subfield code="a">709</marc:subfield><marc:subfield code="b">00</marc:subfield><marc:subfield code="a">SORTAIN</marc:subfield><marc:subfield code="h">Joseph</marc:subfield><marc:subfield code="p">1609/6315.</marc:subfield><marc:subfield code="x">3081460263</marc:subfield></marc:datafield></marc:record>