
<marc:record><marc:leader>01049 am a22002173  4500</marc:leader>
<marc:controlfield tag="001">000018773</marc:controlfield>
<marc:controlfield tag="003">Uk</marc:controlfield><marc:controlfield tag="005">20091125221900.0</marc:controlfield><marc:controlfield tag="008">970120|1851|||||||    ||    |||| |||||  </marc:controlfield><marc:datafield tag="040" ind1=" " ind2=" "><marc:subfield code="a">Uk</marc:subfield><marc:subfield code="c">Uk</marc:subfield></marc:datafield><marc:datafield tag="245" ind1="1" ind2="3"><marc:subfield code="a">An address to the Roman Catholics of England. [By Charles Purton Cooper?]</marc:subfield></marc:datafield><marc:datafield tag="260" ind1=" " ind2=" "><marc:subfield code="a">London: V. &amp; R. Stevens &amp; G. S. Norton; W. Pickering, 1851.</marc:subfield></marc:datafield><marc:datafield tag="300" ind1=" " ind2=" "><marc:subfield code="a">pp. 31. 22 cm.</marc:subfield></marc:datafield><marc:datafield tag="500" ind1=" " ind2=" "><marc:subfield code="a">On the restoration of the Catholic hierarchy.</marc:subfield></marc:datafield><marc:datafield tag="700" ind1="1" ind2=" "><marc:subfield code="a">Cooper, Charles Purton,</marc:subfield><marc:subfield code="d">1793-1873.</marc:subfield></marc:datafield><marc:datafield tag="710" ind1="2" ind2=" "><marc:subfield code="a">Catholics (ENGLAND).</marc:subfield><marc:subfield code="t">Appendix.</marc:subfield></marc:datafield><marc:datafield tag="720" ind1=" " ind2=" "><marc:subfield code="a">ADDRESS</marc:subfield><marc:subfield code="e">main entry</marc:subfield></marc:datafield><marc:datafield tag="775" ind1="0" ind2=" "><marc:subfield code="t">[An address to the Roman Catholics of England. [By Charles Purton Cooper?]]</marc:subfield><marc:subfield code="d">London: V. &amp; R. Stevens &amp; G. S. Norton; W. Pickering, 1851. pp. 31. 22 cm.</marc:subfield><marc:subfield code="w">(Uk)MP1.0000020834.1</marc:subfield></marc:datafield><marc:datafield tag="852" ind1="4" ind2="1"><marc:subfield code="a">British Library</marc:subfield><marc:subfield code="b">HMNTS</marc:subfield><marc:subfield code="j">3939.d.19.</marc:subfield></marc:datafield><marc:datafield tag="886" ind1="2" ind2=" "><marc:subfield code="2">blmarc</marc:subfield><marc:subfield code="a">709</marc:subfield><marc:subfield code="b">00</marc:subfield><marc:subfield code="a">COOPER</marc:subfield><marc:subfield code="h">Charles Purton</marc:subfield><marc:subfield code="p">3939.d.19.</marc:subfield><marc:subfield code="x">0691420033</marc:subfield><marc:subfield code="p">3939.e.33.</marc:subfield><marc:subfield code="x">0691420033</marc:subfield></marc:datafield><marc:datafield tag="886" ind1="2" ind2=" "><marc:subfield code="2">blmarc</marc:subfield><marc:subfield code="a">709</marc:subfield><marc:subfield code="b">00</marc:subfield><marc:subfield code="a">ENGLAND</marc:subfield><marc:subfield code="d">Churches and Religious Bodies</marc:subfield><marc:subfield code="d">Other Religious Bodies</marc:subfield><marc:subfield code="d">Catholics</marc:subfield><marc:subfield code="t">Appendix</marc:subfield><marc:subfield code="p">3939.d.19.</marc:subfield><marc:subfield code="x">0992640202</marc:subfield></marc:datafield></marc:record>