
<marc:record><marc:leader>00828 am a22001933  4500</marc:leader>
<marc:controlfield tag="001">000018774</marc:controlfield>
<marc:controlfield tag="003">Uk</marc:controlfield><marc:controlfield tag="005">20091125221900.0</marc:controlfield><marc:controlfield tag="008">970120|1851|||||||    ||    |||| |||||  </marc:controlfield><marc:datafield tag="040" ind1=" " ind2=" "><marc:subfield code="a">Uk</marc:subfield><marc:subfield code="c">Uk</marc:subfield></marc:datafield><marc:datafield tag="245" ind1="1" ind2="4"><marc:subfield code="a">[An address to the Roman Catholics of England. [By Charles Purton Cooper?]]</marc:subfield></marc:datafield><marc:datafield tag="250" ind1=" " ind2=" "><marc:subfield code="a">Second edition.</marc:subfield></marc:datafield><marc:datafield tag="260" ind1=" " ind2=" "><marc:subfield code="a">London: V. &amp; R. Stevens &amp; G. S. Norton; W. Pickering, 1851.</marc:subfield></marc:datafield><marc:datafield tag="300" ind1=" " ind2=" "><marc:subfield code="a">pp. 31. 22 cm.</marc:subfield></marc:datafield><marc:datafield tag="700" ind1="1" ind2=" "><marc:subfield code="a">Cooper, Charles Purton,</marc:subfield><marc:subfield code="d">1793-1873.</marc:subfield></marc:datafield><marc:datafield tag="720" ind1=" " ind2=" "><marc:subfield code="a">ADDRESS</marc:subfield><marc:subfield code="e">main entry</marc:subfield></marc:datafield><marc:datafield tag="787" ind1="0" ind2=" "><marc:subfield code="t">An address to the Roman Catholics of England. [By Charles Purton Cooper?]</marc:subfield><marc:subfield code="d">London: V. &amp; R. Stevens &amp; G. S. Norton; W. Pickering, 1851. pp. 31. 22 cm.</marc:subfield><marc:subfield code="w">(Uk)MP1.0000020834</marc:subfield></marc:datafield><marc:datafield tag="852" ind1="4" ind2="1"><marc:subfield code="a">British Library</marc:subfield><marc:subfield code="b">HMNTS</marc:subfield><marc:subfield code="j">3939.e.33.</marc:subfield></marc:datafield><marc:datafield tag="886" ind1="2" ind2=" "><marc:subfield code="2">blmarc</marc:subfield><marc:subfield code="a">709</marc:subfield><marc:subfield code="b">00</marc:subfield><marc:subfield code="a">COOPER</marc:subfield><marc:subfield code="h">Charles Purton</marc:subfield><marc:subfield code="p">3939.d.19.</marc:subfield><marc:subfield code="x">0691420033</marc:subfield><marc:subfield code="p">3939.e.33.</marc:subfield><marc:subfield code="x">0691420033</marc:subfield></marc:datafield></marc:record>