
<marc:record><marc:leader>00688cam a22001693  4500</marc:leader>
<marc:controlfield tag="001">000018782</marc:controlfield>
<marc:controlfield tag="003">Uk</marc:controlfield><marc:controlfield tag="005">20060323160831.0</marc:controlfield><marc:controlfield tag="008">870814|1820|||||||    ||    |||| |||||  </marc:controlfield><marc:datafield tag="040" ind1=" " ind2=" "><marc:subfield code="a">Uk</marc:subfield><marc:subfield code="c">Uk</marc:subfield></marc:datafield><marc:datafield tag="245" ind1="1" ind2="3"><marc:subfield code="a">An address to the yeomanry of Westmorland. By a Westmorland yeoman [sometimes identified as William Wordsworth].</marc:subfield></marc:datafield><marc:datafield tag="260" ind1=" " ind2=" "><marc:subfield code="a">London :</marc:subfield><marc:subfield code="b">printed by Elizabeth Soulby,</marc:subfield><marc:subfield code="c">1820.</marc:subfield></marc:datafield><marc:datafield tag="300" ind1=" " ind2=" "><marc:subfield code="a">31 p. ;</marc:subfield><marc:subfield code="c">8º.</marc:subfield></marc:datafield><marc:datafield tag="700" ind1="1" ind2=" "><marc:subfield code="a">Wordsworth, William,</marc:subfield><marc:subfield code="d">1770-1850</marc:subfield><marc:subfield code="t">Doubtful or Supposititious Works.</marc:subfield></marc:datafield><marc:datafield tag="720" ind1=" " ind2=" "><marc:subfield code="a">ADDRESS</marc:subfield><marc:subfield code="e">main entry</marc:subfield></marc:datafield><marc:datafield tag="852" ind1="4" ind2="1"><marc:subfield code="a">British Library</marc:subfield><marc:subfield code="b">HMNTS</marc:subfield><marc:subfield code="j">Ashley 2259.</marc:subfield></marc:datafield><marc:datafield tag="886" ind1="2" ind2=" "><marc:subfield code="2">blmarc</marc:subfield><marc:subfield code="a">709</marc:subfield><marc:subfield code="b">00</marc:subfield><marc:subfield code="a">WORDSWORTH</marc:subfield><marc:subfield code="h">William</marc:subfield><marc:subfield code="f">Poet Laureate</marc:subfield><marc:subfield code="t">Doubtful or Supposititious Works</marc:subfield><marc:subfield code="p">Ashley2259.</marc:subfield><marc:subfield code="x">3553860138</marc:subfield></marc:datafield></marc:record>