
<marc:record><marc:leader>00985 am a22001813  4500</marc:leader>
<marc:controlfield tag="001">000018786</marc:controlfield>
<marc:controlfield tag="003">Uk</marc:controlfield><marc:controlfield tag="005">20091125221900.0</marc:controlfield><marc:controlfield tag="008">961112|1803|||||||    ||    |||| |||||  </marc:controlfield><marc:datafield tag="040" ind1=" " ind2=" "><marc:subfield code="a">Uk</marc:subfield><marc:subfield code="c">Uk</marc:subfield></marc:datafield><marc:datafield tag="245" ind1="1" ind2="3"><marc:subfield code="a">An address to those brave ... hearts, the commanders, officers, seamen, and marines of the British Navy, [in reference to the threatened invasion, subscribed An Englishman]. Taken from No. 56 of the Naval Chronicle.</marc:subfield></marc:datafield><marc:datafield tag="260" ind1=" " ind2=" "><marc:subfield code="a">[London:] James Asperne, [1803.]</marc:subfield></marc:datafield><marc:datafield tag="300" ind1=" " ind2=" "><marc:subfield code="a">A single sheet. fol.</marc:subfield></marc:datafield><marc:datafield tag="720" ind1=" " ind2=" "><marc:subfield code="a">ADDRESS</marc:subfield><marc:subfield code="e">main entry</marc:subfield></marc:datafield><marc:datafield tag="720" ind1=" " ind2=" "><marc:subfield code="a">ENGLISHMAN</marc:subfield></marc:datafield><marc:datafield tag="775" ind1="0" ind2=" "><marc:subfield code="t">[An address to those brave ... hearts, the commanders, officers, seamen, and marines of the British Navy, [in reference to the threatened invasion, subscribed An Englishman]. Taken from No. 56 of the Naval Chronicle.]</marc:subfield><marc:subfield code="d">[London:] James Asperne, [1803]. A single sheet. fol.</marc:subfield><marc:subfield code="w">(Uk)MP1.0000020846.1</marc:subfield></marc:datafield><marc:datafield tag="852" ind1="4" ind2="1"><marc:subfield code="a">British Library</marc:subfield><marc:subfield code="b">HMNTS</marc:subfield><marc:subfield code="j">1851.c.3.(6.)</marc:subfield></marc:datafield><marc:datafield tag="886" ind1="2" ind2=" "><marc:subfield code="2">blmarc</marc:subfield><marc:subfield code="a">709</marc:subfield><marc:subfield code="b">00</marc:subfield><marc:subfield code="a">ENGLISHMAN</marc:subfield><marc:subfield code="p">1851.c.3.(6.)</marc:subfield><marc:subfield code="x">1011100010</marc:subfield></marc:datafield></marc:record>