
<marc:record><marc:leader>00769cam a22001693  4500</marc:leader>
<marc:controlfield tag="001">000018788</marc:controlfield>
<marc:controlfield tag="003">Uk</marc:controlfield><marc:controlfield tag="005">20111222151700.0</marc:controlfield><marc:controlfield tag="008">990910|1814|||||||    ||    |||| |||||  </marc:controlfield><marc:datafield tag="040" ind1=" " ind2=" "><marc:subfield code="a">Uk</marc:subfield><marc:subfield code="c">Uk</marc:subfield></marc:datafield><marc:datafield tag="245" ind1="1" ind2="3"><marc:subfield code="a">An address to those in low circumstances.</marc:subfield></marc:datafield><marc:datafield tag="260" ind1=" " ind2=" "><marc:subfield code="a">London :</marc:subfield><marc:subfield code="b">W. &amp; S. Graves,</marc:subfield><marc:subfield code="c">1814.</marc:subfield></marc:datafield><marc:datafield tag="300" ind1=" " ind2=" "><marc:subfield code="a">14 p. ;</marc:subfield><marc:subfield code="c">8º.</marc:subfield></marc:datafield><marc:datafield tag="720" ind1=" " ind2=" "><marc:subfield code="a">ADDRESS</marc:subfield><marc:subfield code="e">main entry</marc:subfield></marc:datafield><marc:datafield tag="775" ind1="0" ind2=" "><marc:subfield code="t">[An address to those in low circumstances.]</marc:subfield><marc:subfield code="d">London: printed by William and Samuel Graves; for the Tract Association of the Society of Friends, etc., 1829. pp. 14. (12º); 17 cm.</marc:subfield><marc:subfield code="w">(Uk)MP1.0000020847.1</marc:subfield></marc:datafield><marc:datafield tag="775" ind1="0" ind2=" "><marc:subfield code="t">[An address to those in low circumstances.]</marc:subfield><marc:subfield code="d">pp. 8. Tract Association of the Society of Friends: London, 1855. 12º.</marc:subfield><marc:subfield code="w">(Uk)MP1.0000020847.2</marc:subfield></marc:datafield><marc:datafield tag="852" ind1="4" ind2="1"><marc:subfield code="a">British Library</marc:subfield><marc:subfield code="b">HMNTS</marc:subfield><marc:subfield code="j">4372.de.5.(14.)</marc:subfield></marc:datafield></marc:record>