
<marc:record><marc:leader>01128 am a22001933  4500</marc:leader>
<marc:controlfield tag="001">000018855</marc:controlfield>
<marc:controlfield tag="003">Uk</marc:controlfield><marc:controlfield tag="005">20071101124253.0</marc:controlfield><marc:controlfield tag="008">870814|1858|||||||    ||    |||| |||||  </marc:controlfield><marc:datafield tag="040" ind1=" " ind2=" "><marc:subfield code="a">Uk</marc:subfield><marc:subfield code="c">Uk</marc:subfield></marc:datafield><marc:datafield tag="100" ind1="1" ind2=" "><marc:subfield code="a">Rothschild, Charlotte de,</marc:subfield><marc:subfield code="d">1819-1884.</marc:subfield></marc:datafield><marc:datafield tag="245" ind1="1" ind2="0"><marc:subfield code="a">Addresses to young children; originally delivered in the Girl's Free School, Bell Lane. [By Baroness Charlotte de Rothschild.]</marc:subfield></marc:datafield><marc:datafield tag="260" ind1=" " ind2=" "><marc:subfield code="a">pp. viii. 234. [Privately printed:] London, 1858.</marc:subfield></marc:datafield><marc:datafield tag="300" ind1=" " ind2=" "><marc:subfield code="a">12º.</marc:subfield></marc:datafield><marc:datafield tag="720" ind1=" " ind2=" "><marc:subfield code="a">ADDRESSES</marc:subfield><marc:subfield code="e">main entry</marc:subfield></marc:datafield><marc:datafield tag="775" ind1="0" ind2=" "><marc:subfield code="t">[Addresses to Young Children; originally delivered in the Girl's Free School, Bell Lane. [By Baroness Charlotte de Rothschild.]]</marc:subfield><marc:subfield code="d">pp. viii. 274. [Privately printed:] London, 1859. 12º.</marc:subfield><marc:subfield code="w">(Uk)MP1.0000020910.1</marc:subfield></marc:datafield><marc:datafield tag="775" ind1="0" ind2=" "><marc:subfield code="t">[Addresses to Young Children; originally delivered in the Girl's Free School, Bell Lane. [By Baroness Charlotte de Rothschild.]]</marc:subfield><marc:subfield code="d">pp. ix. 307. [Privately printed:] London, 1861. 12º.</marc:subfield><marc:subfield code="w">(Uk)MP1.0000020910.2</marc:subfield></marc:datafield><marc:datafield tag="852" ind1="4" ind2="1"><marc:subfield code="a">British Library</marc:subfield><marc:subfield code="b">HMNTS</marc:subfield><marc:subfield code="j">4034.d.56.</marc:subfield></marc:datafield><marc:datafield tag="886" ind1="2" ind2=" "><marc:subfield code="2">blmarc</marc:subfield><marc:subfield code="a">709</marc:subfield><marc:subfield code="b">00</marc:subfield><marc:subfield code="a">ROTHSCHILD</marc:subfield><marc:subfield code="h">Charlotte de</marc:subfield><marc:subfield code="f">Baroness</marc:subfield><marc:subfield code="p">4034.d.56.</marc:subfield><marc:subfield code="x">2822570264</marc:subfield><marc:subfield code="p">4034.d.57.</marc:subfield><marc:subfield code="x">2822570264</marc:subfield><marc:subfield code="p">4034.d.58.</marc:subfield><marc:subfield code="x">2822570264</marc:subfield></marc:datafield></marc:record>