
<marc:record><marc:leader>00826 am a22001933  4500</marc:leader>
<marc:controlfield tag="001">000018864</marc:controlfield>
<marc:controlfield tag="003">Uk</marc:controlfield><marc:controlfield tag="005">20091125222000.0</marc:controlfield><marc:controlfield tag="008">000106|1812|||||||    ||    |||| |||||  </marc:controlfield><marc:datafield tag="040" ind1=" " ind2=" "><marc:subfield code="a">Uk</marc:subfield><marc:subfield code="c">Uk</marc:subfield></marc:datafield><marc:datafield tag="245" ind1="1" ind2="0"><marc:subfield code="a">[Rejected Addresses: or, the New Theatrum Poetarum. [By Horatio and James Smith.]]</marc:subfield></marc:datafield><marc:datafield tag="250" ind1=" " ind2=" "><marc:subfield code="a">Second edition.</marc:subfield></marc:datafield><marc:datafield tag="260" ind1=" " ind2=" "><marc:subfield code="a">London :</marc:subfield><marc:subfield code="b">John Miller,</marc:subfield><marc:subfield code="c">1812.</marc:subfield></marc:datafield><marc:datafield tag="300" ind1=" " ind2=" "><marc:subfield code="a">xiii. 127 p. ;</marc:subfield><marc:subfield code="c">12º.</marc:subfield></marc:datafield><marc:datafield tag="700" ind1="1" ind2=" "><marc:subfield code="a">SMITH, James,</marc:subfield><marc:subfield code="c">Solicitor to the Ordnance.</marc:subfield></marc:datafield><marc:datafield tag="720" ind1=" " ind2=" "><marc:subfield code="a">ADDRESSES</marc:subfield><marc:subfield code="e">main entry</marc:subfield></marc:datafield><marc:datafield tag="787" ind1="0" ind2=" "><marc:subfield code="t">Rejected Addresses: or, the New Theatrum Poetarum. [By Horatio and James Smith.]</marc:subfield><marc:subfield code="d">pp. xiii. 126. Printed for John Miller: London, 1812. 12º.</marc:subfield><marc:subfield code="w">(Uk)MP1.0000020916</marc:subfield></marc:datafield><marc:datafield tag="852" ind1="4" ind2="1"><marc:subfield code="a">British Library</marc:subfield><marc:subfield code="b">HMNTS</marc:subfield><marc:subfield code="j">993.a.25.</marc:subfield></marc:datafield><marc:datafield tag="886" ind1="2" ind2=" "><marc:subfield code="2">blmarc</marc:subfield><marc:subfield code="a">709</marc:subfield><marc:subfield code="b">00</marc:subfield><marc:subfield code="a">SMITH</marc:subfield><marc:subfield code="h">James</marc:subfield><marc:subfield code="f">Solicitor to the Ordnance</marc:subfield><marc:subfield code="p">993.a.24.</marc:subfield><marc:subfield code="p">Ashley327.</marc:subfield><marc:subfield code="p">993.a.25.</marc:subfield><marc:subfield code="x">3054080048</marc:subfield></marc:datafield></marc:record>