
<marc:record><marc:leader>01373cam a22002293  4500</marc:leader>
<marc:controlfield tag="001">000018872</marc:controlfield>
<marc:controlfield tag="003">Uk</marc:controlfield><marc:controlfield tag="005">20130723172100.0</marc:controlfield><marc:controlfield tag="008">000106|1813|||||||    ||    |||| |||||  </marc:controlfield><marc:datafield tag="040" ind1=" " ind2=" "><marc:subfield code="a">Uk</marc:subfield><marc:subfield code="c">Uk</marc:subfield></marc:datafield><marc:datafield tag="245" ind1="1" ind2="0"><marc:subfield code="a">Rejected Addresses ... [By James and Horatio Smith.] Fourteenth edition.</marc:subfield></marc:datafield><marc:datafield tag="260" ind1=" " ind2=" "><marc:subfield code="a">London :</marc:subfield><marc:subfield code="b">John Miller ;</marc:subfield><marc:subfield code="a">Edinburgh :</marc:subfield><marc:subfield code="b">J. Ballantyne &amp; Co.,</marc:subfield><marc:subfield code="c">1813.</marc:subfield></marc:datafield><marc:datafield tag="300" ind1=" " ind2=" "><marc:subfield code="a">xiii, 127 p. ;</marc:subfield><marc:subfield code="c">12º.</marc:subfield></marc:datafield><marc:datafield tag="700" ind1="1" ind2=" "><marc:subfield code="a">Smith, Horace,</marc:subfield><marc:subfield code="d"> 1779-1849.</marc:subfield></marc:datafield><marc:datafield tag="700" ind1="1" ind2=" "><marc:subfield code="a">SMITH, James,</marc:subfield><marc:subfield code="c">Solicitor to the Ordnance.</marc:subfield></marc:datafield><marc:datafield tag="720" ind1=" " ind2=" "><marc:subfield code="a">ADDRESSES</marc:subfield><marc:subfield code="e">main entry</marc:subfield></marc:datafield><marc:datafield tag="775" ind1="0" ind2=" "><marc:subfield code="t">[Rejected Addresses ... [By James and Horatio Smith.] Fourteenth edition.]</marc:subfield><marc:subfield code="d">pp. xiii. 127. John Miller: London, 1813. 12º.</marc:subfield><marc:subfield code="w">(Uk)MP1.0000020923.1</marc:subfield></marc:datafield><marc:datafield tag="775" ind1="0" ind2=" "><marc:subfield code="t">[Rejected Addresses ... [By James and Horatio Smith.] Fourteenth edition.]</marc:subfield><marc:subfield code="d">pp. xiii. 127. James Eastburn: New-York, 1813. 16º.</marc:subfield><marc:subfield code="w">(Uk)MP1.0000020923.2</marc:subfield></marc:datafield><marc:datafield tag="775" ind1="0" ind2=" "><marc:subfield code="t">[Rejected Addresses ... [By James and Horatio Smith.] Fourteenth edition.]</marc:subfield><marc:subfield code="d">pp. xiii. 127. Gale &amp; Fenner: London, 1817. 12º.</marc:subfield><marc:subfield code="w">(Uk)MP1.0000020923.3</marc:subfield></marc:datafield><marc:datafield tag="775" ind1="0" ind2=" "><marc:subfield code="t">[Rejected Addresses ... [By James and Horatio Smith.] Fourteenth edition.]</marc:subfield><marc:subfield code="d">pp. xxxi. 170. John Murray: London, 1833. 12º.</marc:subfield><marc:subfield code="w">(Uk)MP1.0000020923.4</marc:subfield></marc:datafield><marc:datafield tag="852" ind1="4" ind2="1"><marc:subfield code="a">British Library</marc:subfield><marc:subfield code="b">HMNTS</marc:subfield><marc:subfield code="j">20098.aa.11.</marc:subfield></marc:datafield><marc:datafield tag="886" ind1="2" ind2=" "><marc:subfield code="2">blmarc</marc:subfield><marc:subfield code="a">709</marc:subfield><marc:subfield code="b">00</marc:subfield><marc:subfield code="a">SMITH</marc:subfield><marc:subfield code="h">James</marc:subfield><marc:subfield code="f">Solicitor to the Ordnance</marc:subfield><marc:subfield code="p">20098.aa.11.</marc:subfield><marc:subfield code="p">11643.aaa.41.</marc:subfield><marc:subfield code="x">3054080110</marc:subfield><marc:subfield code="p">993.a.52.</marc:subfield><marc:subfield code="p">993.a.26.</marc:subfield><marc:subfield code="x">3054080129</marc:subfield></marc:datafield></marc:record>