
<marc:record><marc:leader>00806 am a22001573  4500</marc:leader>
<marc:controlfield tag="001">000018907</marc:controlfield>
<marc:controlfield tag="003">Uk</marc:controlfield><marc:controlfield tag="005">20091125222000.0</marc:controlfield><marc:controlfield tag="008">870814|1895|||||||    ||     ||| |||||  </marc:controlfield><marc:datafield tag="040" ind1=" " ind2=" "><marc:subfield code="a">Uk</marc:subfield><marc:subfield code="c">Uk</marc:subfield></marc:datafield><marc:datafield tag="100" ind1="1" ind2=" "><marc:subfield code="a">ADDY, Sidney Oldall.</marc:subfield></marc:datafield><marc:datafield tag="245" ind1="1" ind2="0"><marc:subfield code="a">Household Tales with other Traditional Remains, collected in the Counties of York, Lincoln, Derby and Nottingham. M.s. Notes [by the Author.]</marc:subfield></marc:datafield><marc:datafield tag="260" ind1=" " ind2=" "><marc:subfield code="a">pp. xxxvi. 163. David Nutt: London: Pawson &amp; Brailsford: Sheffield, 1895.</marc:subfield></marc:datafield><marc:datafield tag="300" ind1=" " ind2=" "><marc:subfield code="a">8º.</marc:subfield></marc:datafield><marc:datafield tag="852" ind1="4" ind2="1"><marc:subfield code="a">British Library</marc:subfield><marc:subfield code="b">HMNTS</marc:subfield><marc:subfield code="j">12451.c.2.</marc:subfield></marc:datafield><marc:datafield tag="852" ind1="4" ind2="1"><marc:subfield code="a">British Library</marc:subfield><marc:subfield code="b">HMNTS</marc:subfield><marc:subfield code="j">L.R.41.a.2.</marc:subfield><marc:subfield code="3">[Another copy.] Household Tales, with other Traditional Remains, etc. F.P. London; Sheffield, 1895. 8º.***No. 52 of sixty copies printed on hand-made paper, containing an additional engraved titlepage and two other engravings.</marc:subfield></marc:datafield></marc:record>