
<marc:record><marc:leader>00623cam a22001573  4500</marc:leader>
<marc:controlfield tag="001">000018915</marc:controlfield>
<marc:controlfield tag="003">Uk</marc:controlfield><marc:controlfield tag="005">20130430174800.0</marc:controlfield><marc:controlfield tag="008">870814|1893||||enk    ||     ||| |||||  </marc:controlfield><marc:datafield tag="040" ind1=" " ind2=" "><marc:subfield code="a">Uk</marc:subfield><marc:subfield code="c">Uk</marc:subfield></marc:datafield><marc:datafield tag="100" ind1="1" ind2=" "><marc:subfield code="a">ADDYMAN, Frank Thornton.</marc:subfield></marc:datafield><marc:datafield tag="245" ind1="1" ind2="0"><marc:subfield code="a">Agricultural Analysis. A manual of quantitative analysis for students of agriculture.</marc:subfield></marc:datafield><marc:datafield tag="260" ind1=" " ind2=" "><marc:subfield code="a">London :</marc:subfield><marc:subfield code="b">Longmans &amp; Co.,</marc:subfield><marc:subfield code="c">1893.</marc:subfield></marc:datafield><marc:datafield tag="300" ind1=" " ind2=" "><marc:subfield code="a">vii, 200 p. ;</marc:subfield><marc:subfield code="c">8º.</marc:subfield></marc:datafield><marc:datafield tag="775" ind1="0" ind2=" "><marc:subfield code="t">[Agricultural Analysis. A manual of quantitative analysis for students of agriculture.]</marc:subfield><marc:subfield code="d">pp. ix. 220. Longmans &amp; Co.: London, 1904. 8º.</marc:subfield><marc:subfield code="w">(Uk)MP1.0000020960.1</marc:subfield></marc:datafield><marc:datafield tag="852" ind1="4" ind2="1"><marc:subfield code="a">British Library</marc:subfield><marc:subfield code="b">HMNTS</marc:subfield><marc:subfield code="j">7078.de.26.</marc:subfield></marc:datafield></marc:record>