
<marc:record><marc:leader>00811 am a22001933  4500</marc:leader>
<marc:controlfield tag="001">000019065</marc:controlfield>
<marc:controlfield tag="003">Uk</marc:controlfield><marc:controlfield tag="005">20091125222000.0</marc:controlfield><marc:controlfield tag="008">870814|1876|||||||    ||     ||| |||||  </marc:controlfield><marc:datafield tag="040" ind1=" " ind2=" "><marc:subfield code="a">Uk</marc:subfield><marc:subfield code="c">Uk</marc:subfield></marc:datafield><marc:datafield tag="110" ind1="2" ind2=" "><marc:subfield code="a">University of Adelaide</marc:subfield></marc:datafield><marc:datafield tag="245" ind1="1" ind2="0"><marc:subfield code="a">Addresses delivered at the Inauguration by ... Sir Anthony Musgrave ... and by the Vice-Chancellor ... Augustus Short ... Bishop of Adelaide, etc.</marc:subfield></marc:datafield><marc:datafield tag="260" ind1=" " ind2=" "><marc:subfield code="a">Adelaide,</marc:subfield><marc:subfield code="c">1876.</marc:subfield></marc:datafield><marc:datafield tag="300" ind1=" " ind2=" "><marc:subfield code="a">34 p. ;</marc:subfield><marc:subfield code="c">8º.</marc:subfield></marc:datafield><marc:datafield tag="700" ind1="1" ind2=" "><marc:subfield code="a">MUSGRAVE, Anthony,</marc:subfield><marc:subfield code="c">Sir,</marc:subfield><marc:subfield code="c">Governor of South Australia.</marc:subfield></marc:datafield><marc:datafield tag="700" ind1="1" ind2=" "><marc:subfield code="a">SHORT, Augustus,</marc:subfield><marc:subfield code="c">Bishop of Adelaide.</marc:subfield></marc:datafield><marc:datafield tag="852" ind1="4" ind2="1"><marc:subfield code="a">British Library</marc:subfield><marc:subfield code="b">HMNTS</marc:subfield><marc:subfield code="j">8366.g.11.</marc:subfield></marc:datafield><marc:datafield tag="886" ind1="2" ind2=" "><marc:subfield code="2">blmarc</marc:subfield><marc:subfield code="a">709</marc:subfield><marc:subfield code="b">00</marc:subfield><marc:subfield code="a">MUSGRAVE</marc:subfield><marc:subfield code="e">Sir</marc:subfield><marc:subfield code="h">Anthony</marc:subfield><marc:subfield code="f">Governor of South Australia</marc:subfield><marc:subfield code="p">8366.g.11.</marc:subfield><marc:subfield code="x">2310140112</marc:subfield></marc:datafield><marc:datafield tag="886" ind1="2" ind2=" "><marc:subfield code="2">blmarc</marc:subfield><marc:subfield code="a">709</marc:subfield><marc:subfield code="b">00</marc:subfield><marc:subfield code="a">SHORT</marc:subfield><marc:subfield code="h">Augustus</marc:subfield><marc:subfield code="f">Bishop of Adelaide</marc:subfield><marc:subfield code="p">8366.g.11.</marc:subfield><marc:subfield code="x">3013160098</marc:subfield></marc:datafield></marc:record>