
<marc:record><marc:leader>00537cam a22001693  4500</marc:leader>
<marc:controlfield tag="001">000019098</marc:controlfield>
<marc:controlfield tag="003">Uk</marc:controlfield><marc:controlfield tag="005">20120120152600.0</marc:controlfield><marc:controlfield tag="008">870814|1863|||||||    ||    |||| |||||  </marc:controlfield><marc:datafield tag="040" ind1=" " ind2=" "><marc:subfield code="a">Uk</marc:subfield><marc:subfield code="c">Uk</marc:subfield></marc:datafield><marc:datafield tag="245" ind1="1" ind2="0"><marc:subfield code="a">Fragments of Verse. By Adelaide [i.e. Hon. Adelaide Balfour].</marc:subfield></marc:datafield><marc:datafield tag="260" ind1=" " ind2=" "><marc:subfield code="a">Faringdon :</marc:subfield><marc:subfield code="b">C. Luker,</marc:subfield><marc:subfield code="c">[1863]</marc:subfield></marc:datafield><marc:datafield tag="300" ind1=" " ind2=" "><marc:subfield code="a">74 p. ;</marc:subfield><marc:subfield code="c">8º.</marc:subfield></marc:datafield><marc:datafield tag="700" ind1="1" ind2=" "><marc:subfield code="a">BALFOUR, Adelaide,</marc:subfield><marc:subfield code="c">Hon.</marc:subfield></marc:datafield><marc:datafield tag="720" ind1=" " ind2=" "><marc:subfield code="a">ADELAIDE</marc:subfield><marc:subfield code="e">main entry</marc:subfield></marc:datafield><marc:datafield tag="852" ind1="4" ind2="1"><marc:subfield code="a">British Library</marc:subfield><marc:subfield code="b">HMNTS</marc:subfield><marc:subfield code="j">11662.bb.62.</marc:subfield></marc:datafield><marc:datafield tag="886" ind1="2" ind2=" "><marc:subfield code="2">blmarc</marc:subfield><marc:subfield code="a">709</marc:subfield><marc:subfield code="b">00</marc:subfield><marc:subfield code="a">BALFOUR</marc:subfield><marc:subfield code="e">Hon.</marc:subfield><marc:subfield code="h">Adelaide</marc:subfield><marc:subfield code="p">11662.bb.62.</marc:subfield><marc:subfield code="x">0172530148</marc:subfield></marc:datafield></marc:record>