
<marc:record><marc:leader>00537cam a22001453  4500</marc:leader>
<marc:controlfield tag="001">000019105</marc:controlfield>
<marc:controlfield tag="003">Uk</marc:controlfield><marc:controlfield tag="005">20080723112209.0</marc:controlfield><marc:controlfield tag="008">870814|1832|||||||    ||    |||| |||||  </marc:controlfield><marc:datafield tag="040" ind1=" " ind2=" "><marc:subfield code="a">Uk</marc:subfield><marc:subfield code="c">Uk</marc:subfield></marc:datafield><marc:datafield tag="100" ind1="0" ind2=" "><marc:subfield code="a">Adelaide,</marc:subfield><marc:subfield code="c">Queen, consort of William IV, King of Great Britain,</marc:subfield><marc:subfield code="d">1792-1849.</marc:subfield></marc:datafield><marc:datafield tag="245" ind1="1" ind2="0"><marc:subfield code="a">Important Letter from the Queen to the Lord High Chancellor, relative to the cabal in the Cabinet. (Third edition.).</marc:subfield></marc:datafield><marc:datafield tag="260" ind1=" " ind2=" "><marc:subfield code="a">London :</marc:subfield><marc:subfield code="b">H. K. Causton and G. Noyes,</marc:subfield><marc:subfield code="c">[1832]</marc:subfield></marc:datafield><marc:datafield tag="300" ind1=" " ind2=" "><marc:subfield code="a">6 p. ;</marc:subfield><marc:subfield code="c">8º.</marc:subfield></marc:datafield><marc:datafield tag="852" ind1="4" ind2="1"><marc:subfield code="a">British Library</marc:subfield><marc:subfield code="b">HMNTS</marc:subfield><marc:subfield code="j">T.1348.(13.)</marc:subfield></marc:datafield></marc:record>