
<marc:record><marc:leader>01062cam a22001933  4500</marc:leader>
<marc:controlfield tag="001">000019146</marc:controlfield>
<marc:controlfield tag="003">Uk</marc:controlfield><marc:controlfield tag="005">20120923225200.0</marc:controlfield><marc:controlfield tag="008">870814|1859|||||||    ||     ||| |||||  </marc:controlfield><marc:datafield tag="040" ind1=" " ind2=" "><marc:subfield code="a">Uk</marc:subfield><marc:subfield code="c">Uk</marc:subfield></marc:datafield><marc:datafield tag="100" ind1="1" ind2=" "><marc:subfield code="a">ADELBURG, August von.</marc:subfield></marc:datafield><marc:datafield tag="245" ind1="1" ind2="0"><marc:subfield code="a">Entgegnung auf die von Dr. Franz Liszt in seinem Werke: “Des Bohémiens et de leur musique en Hongrie” ... aufgestellte Behauptung: dass es keine ungarische National-musik ... gibt. Mit einem Vorworte von August, Ritter von Czeke.</marc:subfield></marc:datafield><marc:datafield tag="260" ind1=" " ind2=" "><marc:subfield code="a">Pest,</marc:subfield><marc:subfield code="c">1859.</marc:subfield></marc:datafield><marc:datafield tag="300" ind1=" " ind2=" "><marc:subfield code="a">30 p. ;</marc:subfield><marc:subfield code="c">8º.</marc:subfield></marc:datafield><marc:datafield tag="700" ind1="1" ind2=" "><marc:subfield code="a">CZEKE, Sándor.</marc:subfield></marc:datafield><marc:datafield tag="700" ind1="1" ind2=" "><marc:subfield code="a">Liszt, Franz,</marc:subfield><marc:subfield code="d">1811-1886.</marc:subfield><marc:subfield code="t">Single Works. A Czigányokról és a Czigány zenéről Magyarországon. [Translated from the French “Des Bohémiens,” etc.].</marc:subfield></marc:datafield><marc:datafield tag="852" ind1="4" ind2="1"><marc:subfield code="a">British Library</marc:subfield><marc:subfield code="b">HMNTS</marc:subfield><marc:subfield code="j">7896.b.6.</marc:subfield></marc:datafield><marc:datafield tag="886" ind1="2" ind2=" "><marc:subfield code="2">blmarc</marc:subfield><marc:subfield code="a">709</marc:subfield><marc:subfield code="b">00</marc:subfield><marc:subfield code="a">CZEKE</marc:subfield><marc:subfield code="h">Sándor</marc:subfield><marc:subfield code="p">7896.b.6.</marc:subfield><marc:subfield code="x">0751320064</marc:subfield></marc:datafield><marc:datafield tag="886" ind1="2" ind2=" "><marc:subfield code="2">blmarc</marc:subfield><marc:subfield code="a">709</marc:subfield><marc:subfield code="b">00</marc:subfield><marc:subfield code="a">LISZT</marc:subfield><marc:subfield code="h">Ferencz</marc:subfield><marc:subfield code="t">Single Works</marc:subfield><marc:subfield code="t">A Czigányokról és a Czigány zenéről Magyarországon. [Translated from the French “Des Bohémiens,” etc.]</marc:subfield><marc:subfield code="p">7896.b.6.</marc:subfield><marc:subfield code="x">193378024X</marc:subfield></marc:datafield></marc:record>