
<marc:record><marc:leader>00887cam a22001933  4500</marc:leader>
<marc:controlfield tag="001">000019161</marc:controlfield>
<marc:controlfield tag="003">Uk</marc:controlfield><marc:controlfield tag="005">20130508174800.0</marc:controlfield><marc:controlfield tag="008">870814|1876||||enk    ||     ||| |||||  </marc:controlfield><marc:datafield tag="040" ind1=" " ind2=" "><marc:subfield code="a">Uk</marc:subfield><marc:subfield code="c">Uk</marc:subfield></marc:datafield><marc:datafield tag="100" ind1="1" ind2=" "><marc:subfield code="a">ADELER, Max,</marc:subfield><marc:subfield code="c">pseud. [i.e. Charles Heber Clark.]</marc:subfield></marc:datafield><marc:datafield tag="245" ind1="1" ind2="0"><marc:subfield code="a">Elbow-Room. A novel without a plot ... Illustrated by A. B. Frost.</marc:subfield></marc:datafield><marc:datafield tag="260" ind1=" " ind2=" "><marc:subfield code="a">London :</marc:subfield><marc:subfield code="b">Ward, Lock &amp; Tyler,</marc:subfield><marc:subfield code="c">1876.</marc:subfield></marc:datafield><marc:datafield tag="300" ind1=" " ind2=" "><marc:subfield code="a">384 p. ;</marc:subfield><marc:subfield code="c">8º.</marc:subfield></marc:datafield><marc:datafield tag="700" ind1="1" ind2=" "><marc:subfield code="a">FROST, Arthur Burdett.</marc:subfield></marc:datafield><marc:datafield tag="775" ind1="0" ind2=" "><marc:subfield code="t">[Elbow-Room. A novel without a plot ... Illustrated by A. B. Frost.]</marc:subfield><marc:subfield code="d">pp. 320. G. Routledge &amp; Sons: London, [1877.] 8º.</marc:subfield><marc:subfield code="w">(Uk)MP1.0000021255.1</marc:subfield></marc:datafield><marc:datafield tag="775" ind1="0" ind2=" "><marc:subfield code="t">[Elbow-Room. A novel without a plot ... Illustrated by A. B. Frost.]</marc:subfield><marc:subfield code="d">pp. 64. Ward, Lock &amp; Co.: London, [1882.] 4º.</marc:subfield><marc:subfield code="w">(Uk)MP1.0000021255.2</marc:subfield></marc:datafield><marc:datafield tag="852" ind1="4" ind2="1"><marc:subfield code="a">British Library</marc:subfield><marc:subfield code="b">HMNTS</marc:subfield><marc:subfield code="j">12315.bbb.6.</marc:subfield></marc:datafield><marc:datafield tag="886" ind1="2" ind2=" "><marc:subfield code="2">blmarc</marc:subfield><marc:subfield code="a">709</marc:subfield><marc:subfield code="b">00</marc:subfield><marc:subfield code="a">FROST</marc:subfield><marc:subfield code="h">Arthur Burdett</marc:subfield><marc:subfield code="p">12315.bbb.6.</marc:subfield><marc:subfield code="x">1171550243</marc:subfield></marc:datafield></marc:record>