
<marc:record><marc:leader>00801cam a22001693  4500</marc:leader>
<marc:controlfield tag="001">000019166</marc:controlfield>
<marc:controlfield tag="003">Uk</marc:controlfield><marc:controlfield tag="005">20130508174800.0</marc:controlfield><marc:controlfield tag="008">870814|1874||||enk    ||     ||| |||||  </marc:controlfield><marc:datafield tag="040" ind1=" " ind2=" "><marc:subfield code="a">Uk</marc:subfield><marc:subfield code="c">Uk</marc:subfield></marc:datafield><marc:datafield tag="100" ind1="1" ind2=" "><marc:subfield code="a">ADELER, Max,</marc:subfield><marc:subfield code="c">pseud. [i.e. Charles Heber Clark.]</marc:subfield></marc:datafield><marc:datafield tag="245" ind1="1" ind2="0"><marc:subfield code="a">Out of the Hurly-Burly; or, Life in an odd corner ... With ... illustrations.</marc:subfield></marc:datafield><marc:datafield tag="260" ind1=" " ind2=" "><marc:subfield code="a">London :</marc:subfield><marc:subfield code="b">Ward, Lock &amp; Tyler,</marc:subfield><marc:subfield code="c">[1874.].</marc:subfield></marc:datafield><marc:datafield tag="300" ind1=" " ind2=" "><marc:subfield code="a">398 p. ;</marc:subfield><marc:subfield code="c">8º.</marc:subfield></marc:datafield><marc:datafield tag="775" ind1="0" ind2=" "><marc:subfield code="t">[Out of the Hurly-Burly; or, Life in an odd corner ... With ... illustrations.]</marc:subfield><marc:subfield code="d">pp. 345. G. Routledge &amp; Sons: London, 1874. 8º.</marc:subfield><marc:subfield code="w">(Uk)MP1.0000021258.1</marc:subfield></marc:datafield><marc:datafield tag="775" ind1="0" ind2=" "><marc:subfield code="t">[Out of the Hurly-Burly; or, Life in an odd corner ... With ... illustrations.]</marc:subfield><marc:subfield code="d">pp. 64. Ward, Lock &amp; Co: London, [1882.] 4º.</marc:subfield><marc:subfield code="w">(Uk)MP1.0000021258.2</marc:subfield></marc:datafield><marc:datafield tag="852" ind1="4" ind2="1"><marc:subfield code="a">British Library</marc:subfield><marc:subfield code="b">HMNTS</marc:subfield><marc:subfield code="j">12602.ccc.10.</marc:subfield></marc:datafield></marc:record>