
<marc:record><marc:leader>00614cam a22001693  4500</marc:leader>
<marc:controlfield tag="001">000019187</marc:controlfield>
<marc:controlfield tag="003">Uk</marc:controlfield><marc:controlfield tag="005">20111222151700.0</marc:controlfield><marc:controlfield tag="008">870814|1816|||||||    ||    |||| |||||  </marc:controlfield><marc:datafield tag="040" ind1=" " ind2=" "><marc:subfield code="a">Uk</marc:subfield><marc:subfield code="c">Uk</marc:subfield></marc:datafield><marc:datafield tag="245" ind1="1" ind2="0"><marc:subfield code="a">Adelina [by G. Rossi], e, Teresa e Claudio [by G. Foppa]. Farse per musica, da rappresentarsi nel Regio Teatro alla Scala, l'autunno dell' anno 1816.</marc:subfield></marc:datafield><marc:datafield tag="260" ind1=" " ind2=" "><marc:subfield code="a">Milano,</marc:subfield><marc:subfield code="c">[1816]</marc:subfield></marc:datafield><marc:datafield tag="300" ind1=" " ind2=" "><marc:subfield code="a">59 p. ;</marc:subfield><marc:subfield code="c">8º.</marc:subfield></marc:datafield><marc:datafield tag="700" ind1="1" ind2=" "><marc:subfield code="a">ROSSI, Gaetano,</marc:subfield><marc:subfield code="c">Dramatist.</marc:subfield></marc:datafield><marc:datafield tag="720" ind1=" " ind2=" "><marc:subfield code="a">ADELINA</marc:subfield><marc:subfield code="e">main entry</marc:subfield></marc:datafield><marc:datafield tag="852" ind1="4" ind2="1"><marc:subfield code="a">British Library</marc:subfield><marc:subfield code="b">HMNTS</marc:subfield><marc:subfield code="j">906.f.4.(4.)</marc:subfield></marc:datafield><marc:datafield tag="886" ind1="2" ind2=" "><marc:subfield code="2">blmarc</marc:subfield><marc:subfield code="a">709</marc:subfield><marc:subfield code="b">00</marc:subfield><marc:subfield code="a">ROSSI</marc:subfield><marc:subfield code="h">Gaetano</marc:subfield><marc:subfield code="f">Dramatist</marc:subfield><marc:subfield code="p">906.f.4.(4.)</marc:subfield><marc:subfield code="x">282087021X</marc:subfield></marc:datafield></marc:record>