
<marc:record><marc:leader>00679cam a2200169   4500</marc:leader>
<marc:controlfield tag="001">000019191</marc:controlfield>
<marc:controlfield tag="003">Uk</marc:controlfield><marc:controlfield tag="005">20100511182742.0</marc:controlfield><marc:controlfield tag="008">870814s1842    enka          000 1 eng  </marc:controlfield><marc:datafield tag="040" ind1=" " ind2=" "><marc:subfield code="a">Uk</marc:subfield><marc:subfield code="b">eng</marc:subfield><marc:subfield code="c">Uk</marc:subfield></marc:datafield><marc:datafield tag="100" ind1="1" ind2=" "><marc:subfield code="a">Rymer, James Malcolm,</marc:subfield><marc:subfield code="d">approximately 1814-1884.</marc:subfield></marc:datafield><marc:datafield tag="245" ind1="1" ind2="0"><marc:subfield code="a">Adeline;</marc:subfield><marc:subfield code="b">or, The Grave of the forsaken. A domestic romance.</marc:subfield><marc:subfield code="c">By the author of &quot;The Miller's maid&quot; ... [i.e. J. M. Rymer].</marc:subfield></marc:datafield><marc:datafield tag="260" ind1=" " ind2=" "><marc:subfield code="a">London :</marc:subfield><marc:subfield code="b">E. Lloyd at the office of &quot;The Penny Sunday Times&quot; ,</marc:subfield><marc:subfield code="c">[1842].</marc:subfield></marc:datafield><marc:datafield tag="300" ind1=" " ind2=" "><marc:subfield code="a">iv, 412 p., [2] leaves of plates :</marc:subfield><marc:subfield code="b">ill. ;</marc:subfield><marc:subfield code="c">22 cm.</marc:subfield></marc:datafield><marc:datafield tag="500" ind1=" " ind2=" "><marc:subfield code="a">Published in fifty-two parts.</marc:subfield></marc:datafield><marc:datafield tag="650" ind1=" " ind2="0"><marc:subfield code="a">English fiction</marc:subfield><marc:subfield code="y">19th century</marc:subfield></marc:datafield><marc:datafield tag="852" ind1="4" ind2="1"><marc:subfield code="a">British Library</marc:subfield><marc:subfield code="b">HMNTS</marc:subfield><marc:subfield code="j">C.140.e.13.(3.)</marc:subfield></marc:datafield></marc:record>