
<marc:record><marc:leader>00656cam a22001693  4500</marc:leader>
<marc:controlfield tag="001">000019211</marc:controlfield>
<marc:controlfield tag="003">Uk</marc:controlfield><marc:controlfield tag="005">20120807182200.0</marc:controlfield><marc:controlfield tag="008">870814|1880|||||||    ||     ||| |||||  </marc:controlfield><marc:datafield tag="040" ind1=" " ind2=" "><marc:subfield code="a">Uk</marc:subfield><marc:subfield code="c">Uk</marc:subfield></marc:datafield><marc:datafield tag="100" ind1="1" ind2=" "><marc:subfield code="a">ADELINE, Jules.</marc:subfield></marc:datafield><marc:datafield tag="245" ind1="1" ind2="0"><marc:subfield code="a">Le Cortège historique organisé en 1880 par le Comité des Fêtes de Bienfaisance de Rouen. Entrée du roy Henry II. à Rouen en 1550. Vingt-deux eaux-fortes avec texte.</marc:subfield></marc:datafield><marc:datafield tag="260" ind1=" " ind2=" "><marc:subfield code="a">Rouen,</marc:subfield><marc:subfield code="c">1880.</marc:subfield></marc:datafield><marc:datafield tag="300" ind1=" " ind2=" "><marc:subfield code="a">8 p., 22 plates ;</marc:subfield><marc:subfield code="c">obl. fol.</marc:subfield></marc:datafield><marc:datafield tag="720" ind1=" " ind2=" "><marc:subfield code="a">Henry</marc:subfield><marc:subfield code="b">II,</marc:subfield><marc:subfield code="c">King of France,</marc:subfield><marc:subfield code="d">1519-1559.</marc:subfield></marc:datafield><marc:datafield tag="852" ind1="4" ind2="1"><marc:subfield code="a">British Library</marc:subfield><marc:subfield code="b">HMNTS</marc:subfield><marc:subfield code="j">1852.a.3.</marc:subfield></marc:datafield><marc:datafield tag="886" ind1="2" ind2=" "><marc:subfield code="2">blmarc</marc:subfield><marc:subfield code="a">709</marc:subfield><marc:subfield code="b">00</marc:subfield><marc:subfield code="a">HENRY II., King of France</marc:subfield><marc:subfield code="p">1852.a.3.</marc:subfield><marc:subfield code="x">1452380236</marc:subfield></marc:datafield></marc:record>