
<marc:record><marc:leader>00559cam a22001693  4500</marc:leader>
<marc:controlfield tag="001">000019214</marc:controlfield>
<marc:controlfield tag="003">Uk</marc:controlfield><marc:controlfield tag="005">20130504005300.0</marc:controlfield><marc:controlfield tag="008">870814|1881|||||||    ||     ||| |||||  </marc:controlfield><marc:datafield tag="040" ind1=" " ind2=" "><marc:subfield code="a">Uk</marc:subfield><marc:subfield code="c">Uk</marc:subfield></marc:datafield><marc:datafield tag="100" ind1="1" ind2=" "><marc:subfield code="a">ADELINE, Jules.</marc:subfield></marc:datafield><marc:datafield tag="245" ind1="1" ind2="0"><marc:subfield code="a">Les Illustrateurs des vieilles villes. Discours de réception à l'Académie .. de Rouen, etc.</marc:subfield></marc:datafield><marc:datafield tag="260" ind1=" " ind2=" "><marc:subfield code="a">pp. 28. [Privately printed:] Rouen, 1881.</marc:subfield></marc:datafield><marc:datafield tag="300" ind1=" " ind2=" "><marc:subfield code="a">8º.</marc:subfield></marc:datafield><marc:datafield tag="700" ind1="1" ind2=" "><marc:subfield code="a">SALMON, A.</marc:subfield><marc:subfield code="c">(Artist)</marc:subfield></marc:datafield><marc:datafield tag="852" ind1="4" ind2="1"><marc:subfield code="a">British Library</marc:subfield><marc:subfield code="b">HMNTS</marc:subfield><marc:subfield code="j">D-7857.i.23.</marc:subfield></marc:datafield><marc:datafield tag="886" ind1="2" ind2=" "><marc:subfield code="2">blmarc</marc:subfield><marc:subfield code="a">709</marc:subfield><marc:subfield code="b">00</marc:subfield><marc:subfield code="a">SALMON</marc:subfield><marc:subfield code="h">A.</marc:subfield><marc:subfield code="f">Artist</marc:subfield><marc:subfield code="p">7857.i.23.</marc:subfield><marc:subfield code="x">2882660308</marc:subfield></marc:datafield></marc:record>