
<marc:record><marc:leader>00585 am a22001693  4500</marc:leader>
<marc:controlfield tag="001">000019251</marc:controlfield>
<marc:controlfield tag="003">Uk</marc:controlfield><marc:controlfield tag="005">20091125222000.0</marc:controlfield><marc:controlfield tag="008">870814|1888|||||||    ||     ||| |||||  </marc:controlfield><marc:datafield tag="040" ind1=" " ind2=" "><marc:subfield code="a">Uk</marc:subfield><marc:subfield code="c">Uk</marc:subfield></marc:datafield><marc:datafield tag="100" ind1="1" ind2=" "><marc:subfield code="a">ADELMANN, Carl.</marc:subfield></marc:datafield><marc:datafield tag="245" ind1="1" ind2="0"><marc:subfield code="a">Donna Elvira-Don Juan-als Kunstideal und in ihrer Verkörperung auf der Münchener Hofbühne.</marc:subfield></marc:datafield><marc:datafield tag="260" ind1=" " ind2=" "><marc:subfield code="a">pp. 52. München. 1888.</marc:subfield></marc:datafield><marc:datafield tag="300" ind1=" " ind2=" "><marc:subfield code="a">8º.</marc:subfield></marc:datafield><marc:datafield tag="700" ind1="1" ind2=" "><marc:subfield code="a">Mozart, Wolfgang Amadeus,</marc:subfield><marc:subfield code="d">1756-1791</marc:subfield><marc:subfield code="t">Appendix.</marc:subfield></marc:datafield><marc:datafield tag="852" ind1="4" ind2="1"><marc:subfield code="a">British Library</marc:subfield><marc:subfield code="b">MUSIC</marc:subfield><marc:subfield code="j">Hirsch 3773.</marc:subfield></marc:datafield><marc:datafield tag="886" ind1="2" ind2=" "><marc:subfield code="2">blmarc</marc:subfield><marc:subfield code="a">709</marc:subfield><marc:subfield code="b">00</marc:subfield><marc:subfield code="a">MOZART</marc:subfield><marc:subfield code="h">Wolfgang Amadeus</marc:subfield><marc:subfield code="t">Appendix</marc:subfield><marc:subfield code="p">Hirsch3773.</marc:subfield><marc:subfield code="x">2284550088</marc:subfield></marc:datafield></marc:record>