
<marc:record><marc:leader>01231cam a22002053  4500</marc:leader>
<marc:controlfield tag="001">000019268</marc:controlfield>
<marc:controlfield tag="003">Uk</marc:controlfield><marc:controlfield tag="005">20120224170000.0</marc:controlfield><marc:controlfield tag="008">990720|1853|||||||    ||    |||| |||||  </marc:controlfield><marc:datafield tag="040" ind1=" " ind2=" "><marc:subfield code="a">Uk</marc:subfield><marc:subfield code="c">Uk</marc:subfield></marc:datafield><marc:datafield tag="245" ind1="1" ind2="0"><marc:subfield code="a">[Adelmanni Brixiæ Episcopi De veritate corporis et sanguinis Domini ad Berengarium epistola. (Adelmanni ... Rhythmi alphabetici de viris illustribus sui temporis.)]</marc:subfield></marc:datafield><marc:datafield tag="250" ind1=" " ind2=" "><marc:subfield code="a">[Another edition.] Adelmanni de Eucharistiæ sacramento ad Berengarium epistola. (Rythmi alphabetici de viris illustribus sui temporis.).</marc:subfield></marc:datafield><marc:datafield tag="260" ind1=" " ind2=" "><marc:subfield code="c">1853.</marc:subfield></marc:datafield><marc:datafield tag="580" ind1=" " ind2=" "><marc:subfield code="a">In: Migne (J. P.) Patrologiæ cursus completus, etc. tom. 143. 1844, etc. 4º.</marc:subfield></marc:datafield><marc:datafield tag="720" ind1=" " ind2=" "><marc:subfield code="a">ADELMANNUS, Bishop of Brescia</marc:subfield><marc:subfield code="e">main entry</marc:subfield></marc:datafield><marc:datafield tag="787" ind1="0" ind2=" "><marc:subfield code="t">Adelmanni Brixiæ Episcopi De veritate corporis et sanguinis Domini ad Berengarium epistola. (Adelmanni ... Rhythmi alphabetici de viris illustribus sui temporis.)</marc:subfield><marc:subfield code="n">In Gaudentius, Saint, Bishop of Brescia. Sancti Gaudentii ... Sermones qui exstant, etc. 1720. fol.</marc:subfield><marc:subfield code="w">(Uk)MP1.0000021375</marc:subfield></marc:datafield><marc:datafield tag="852" ind1="4" ind2="1"><marc:subfield code="a">British Library</marc:subfield><marc:subfield code="b">HMNTS</marc:subfield><marc:subfield code="j">HLR270</marc:subfield></marc:datafield><marc:datafield tag="852" ind1="4" ind2="1"><marc:subfield code="a">British Library</marc:subfield><marc:subfield code="b">HMNTS</marc:subfield><marc:subfield code="j">2000.f.</marc:subfield><marc:subfield code="3">Superseded by HLR270</marc:subfield></marc:datafield><marc:datafield tag="852" ind1="4" ind2="1"><marc:subfield code="a">British Library</marc:subfield><marc:subfield code="b">HMNTS</marc:subfield><marc:subfield code="j">MSS270</marc:subfield><marc:subfield code="3">[Another copy.]</marc:subfield></marc:datafield><marc:datafield tag="852" ind1="4" ind2="1"><marc:subfield code="a">British Library</marc:subfield><marc:subfield code="b">HMNTS</marc:subfield><marc:subfield code="j">La.7-9.</marc:subfield><marc:subfield code="3">Superseded by MSS270</marc:subfield></marc:datafield></marc:record>