
<marc:record><marc:leader>00693cam a22001693  4500</marc:leader>
<marc:controlfield tag="001">000019271</marc:controlfield>
<marc:controlfield tag="003">Uk</marc:controlfield><marc:controlfield tag="005">20101125162600.0</marc:controlfield><marc:controlfield tag="008">870814|1884|||||||    ||    |||| |||||  </marc:controlfield><marc:datafield tag="040" ind1=" " ind2=" "><marc:subfield code="a">Uk</marc:subfield><marc:subfield code="c">Uk</marc:subfield></marc:datafield><marc:datafield tag="245" ind1="1" ind2="0"><marc:subfield code="a">Poème rythmique d'Adelman de Liège sur plusieurs savants du XIe siècle. Publié par ... J. Havet. (Extrait des “Notices et documents publiés pour la Société de l'histoire de France.”).</marc:subfield></marc:datafield><marc:datafield tag="260" ind1=" " ind2=" "><marc:subfield code="a">[Paris,</marc:subfield><marc:subfield code="c">1884]</marc:subfield></marc:datafield><marc:datafield tag="300" ind1=" " ind2=" "><marc:subfield code="c">8º.</marc:subfield></marc:datafield><marc:datafield tag="700" ind1="1" ind2=" "><marc:subfield code="a">HAVET, Julien Pierre Eugène.</marc:subfield></marc:datafield><marc:datafield tag="720" ind1=" " ind2=" "><marc:subfield code="a">ADELMANNUS, Bishop of Brescia</marc:subfield><marc:subfield code="e">main entry</marc:subfield></marc:datafield><marc:datafield tag="852" ind1="4" ind2="1"><marc:subfield code="a">British Library</marc:subfield><marc:subfield code="b">HMNTS</marc:subfield><marc:subfield code="j">11409.gg.23.(2.)</marc:subfield></marc:datafield><marc:datafield tag="886" ind1="2" ind2=" "><marc:subfield code="2">blmarc</marc:subfield><marc:subfield code="a">709</marc:subfield><marc:subfield code="b">00</marc:subfield><marc:subfield code="a">HAVET</marc:subfield><marc:subfield code="h">Julien Pierre Eugène</marc:subfield><marc:subfield code="p">11409.gg.23.(2.)</marc:subfield><marc:subfield code="x">1422120163</marc:subfield></marc:datafield></marc:record>