
<marc:record><marc:leader>00783cam a22001693  4500</marc:leader>
<marc:controlfield tag="001">000019294</marc:controlfield>
<marc:controlfield tag="003">Uk</marc:controlfield><marc:controlfield tag="005">20130520180000.0</marc:controlfield><marc:controlfield tag="008">870814|1880||||enk    ||    |||| |||||  </marc:controlfield><marc:datafield tag="040" ind1=" " ind2=" "><marc:subfield code="a">Uk</marc:subfield><marc:subfield code="c">Uk</marc:subfield></marc:datafield><marc:datafield tag="245" ind1="1" ind2="2"><marc:subfield code="a">A Short Answer to the Rev. H. Grattan Guiness's Approaching End of the Age. By Adelphos.</marc:subfield></marc:datafield><marc:datafield tag="260" ind1=" " ind2=" "><marc:subfield code="a">London :</marc:subfield><marc:subfield code="b">Elliot Stock,</marc:subfield><marc:subfield code="c">1880.</marc:subfield></marc:datafield><marc:datafield tag="300" ind1=" " ind2=" "><marc:subfield code="a">32 p. ;</marc:subfield><marc:subfield code="c">8º.</marc:subfield></marc:datafield><marc:datafield tag="700" ind1="1" ind2=" "><marc:subfield code="a">GUINNESS, Henry Grattan,</marc:subfield><marc:subfield code="c">the Elder, D.D..</marc:subfield><marc:subfield code="t">The Approaching End of the Age viewed in the light of history, prophecy and science.</marc:subfield></marc:datafield><marc:datafield tag="720" ind1=" " ind2=" "><marc:subfield code="a">ADELPHOS, pseud.</marc:subfield><marc:subfield code="e">main entry</marc:subfield></marc:datafield><marc:datafield tag="852" ind1="4" ind2="1"><marc:subfield code="a">British Library</marc:subfield><marc:subfield code="b">HMNTS</marc:subfield><marc:subfield code="j">4372.d.15.(9.)</marc:subfield></marc:datafield><marc:datafield tag="886" ind1="2" ind2=" "><marc:subfield code="2">blmarc</marc:subfield><marc:subfield code="a">709</marc:subfield><marc:subfield code="b">00</marc:subfield><marc:subfield code="a">GUINNESS</marc:subfield><marc:subfield code="h">Henry Grattan</marc:subfield><marc:subfield code="f">the Elder, D.D.</marc:subfield><marc:subfield code="t">The Approaching End of the Age viewed in the light of history, prophecy and science.</marc:subfield><marc:subfield code="p">4372.d.15.(9.)</marc:subfield><marc:subfield code="x">1351650009</marc:subfield></marc:datafield></marc:record>