
<marc:record><marc:leader>00672 am a22001693  4500</marc:leader>
<marc:controlfield tag="001">000019340</marc:controlfield>
<marc:controlfield tag="003">Uk</marc:controlfield><marc:controlfield tag="005">20091125222000.0</marc:controlfield><marc:controlfield tag="008">870814|1827|||||||    ||     ||| |||||  </marc:controlfield><marc:datafield tag="040" ind1=" " ind2=" "><marc:subfield code="a">Uk</marc:subfield><marc:subfield code="c">Uk</marc:subfield></marc:datafield><marc:datafield tag="100" ind1="1" ind2=" "><marc:subfield code="a">ADELUNG, Friedrich von.</marc:subfield></marc:datafield><marc:datafield tag="245" ind1="1" ind2="0"><marc:subfield code="a">Augustin Freiherr von Meyerberg und seine Reise nach Russland. Nebst einer von ihm auf diese Reise veranstalteten Sammlung von Ansichten, Gebräuchen, Bildnissen u. s. w.</marc:subfield></marc:datafield><marc:datafield tag="260" ind1=" " ind2=" "><marc:subfield code="a">St. Petersburg,</marc:subfield><marc:subfield code="c">1827.</marc:subfield></marc:datafield><marc:datafield tag="300" ind1=" " ind2=" "><marc:subfield code="a">viii. 380 p. ;</marc:subfield><marc:subfield code="c">8º.</marc:subfield></marc:datafield><marc:datafield tag="700" ind1="1" ind2=" "><marc:subfield code="a">MAYER, Augustin,</marc:subfield><marc:subfield code="c">Baron von Mayerberg.</marc:subfield></marc:datafield><marc:datafield tag="852" ind1="4" ind2="1"><marc:subfield code="a">British Library</marc:subfield><marc:subfield code="b">HMNTS</marc:subfield><marc:subfield code="j">10291.e.1.</marc:subfield></marc:datafield><marc:datafield tag="886" ind1="2" ind2=" "><marc:subfield code="2">blmarc</marc:subfield><marc:subfield code="a">709</marc:subfield><marc:subfield code="b">00</marc:subfield><marc:subfield code="a">MAYER</marc:subfield><marc:subfield code="h">Augustin</marc:subfield><marc:subfield code="f">Baron von Mayerberg</marc:subfield><marc:subfield code="p">10291.e.1.</marc:subfield><marc:subfield code="x">2162040026</marc:subfield></marc:datafield></marc:record>