
<marc:record><marc:leader>00727 am a22001693  4500</marc:leader>
<marc:controlfield tag="001">000019345</marc:controlfield>
<marc:controlfield tag="003">Uk</marc:controlfield><marc:controlfield tag="005">20091125222000.0</marc:controlfield><marc:controlfield tag="008">870814|1834|||||||    ||     ||| |||||  </marc:controlfield><marc:datafield tag="040" ind1=" " ind2=" "><marc:subfield code="a">Uk</marc:subfield><marc:subfield code="c">Uk</marc:subfield></marc:datafield><marc:datafield tag="100" ind1="1" ind2=" "><marc:subfield code="a">ADELUNG, Friedrich von.</marc:subfield></marc:datafield><marc:datafield tag="245" ind1="1" ind2="0"><marc:subfield code="a">Корсунскія врата, находящіяся въ Новогородскомъ Софійскомъ Соборѣ. Описаны и объяснены Ѳедоромъ Аделунгомъ ... Съ нѣмецкаго перевелъ П. Артемовъ, etc.</marc:subfield></marc:datafield><marc:datafield tag="260" ind1=" " ind2=" "><marc:subfield code="a">pp. 225. pl. ix. Москва, 1834.</marc:subfield></marc:datafield><marc:datafield tag="300" ind1=" " ind2=" "><marc:subfield code="a">4º.</marc:subfield></marc:datafield><marc:datafield tag="700" ind1="1" ind2=" "><marc:subfield code="a">ARTEMOV, Petr.</marc:subfield></marc:datafield><marc:datafield tag="852" ind1="4" ind2="1"><marc:subfield code="a">British Library</marc:subfield><marc:subfield code="b">HMNTS</marc:subfield><marc:subfield code="j">7816.aaa.13.</marc:subfield></marc:datafield><marc:datafield tag="886" ind1="2" ind2=" "><marc:subfield code="2">blmarc</marc:subfield><marc:subfield code="a">709</marc:subfield><marc:subfield code="b">00</marc:subfield><marc:subfield code="a">ARTEMOV</marc:subfield><marc:subfield code="h">Petr</marc:subfield><marc:subfield code="p">7816.aaa.13.</marc:subfield><marc:subfield code="x">0121440206</marc:subfield></marc:datafield></marc:record>