
<marc:record><marc:leader>01073cam a22001933  4500</marc:leader>
<marc:controlfield tag="001">000019384</marc:controlfield>
<marc:controlfield tag="003">Uk</marc:controlfield><marc:controlfield tag="005">20120420175300.0</marc:controlfield><marc:controlfield tag="008">950308|1812|||||||    ||     ||| |||||  </marc:controlfield><marc:datafield tag="040" ind1=" " ind2=" "><marc:subfield code="a">Uk</marc:subfield><marc:subfield code="c">Uk</marc:subfield></marc:datafield><marc:datafield tag="100" ind1="1" ind2=" "><marc:subfield code="a">ADELUNG, Johann Christoph.</marc:subfield></marc:datafield><marc:datafield tag="245" ind1="1" ind2="0"><marc:subfield code="a">Vollständige Anweisung zur deutschen Orthographie, nebst einem kleinem Wörterbuche für die Ausprache, Orthographie, Biegung und Ableitung ... Dritte Auflage.</marc:subfield></marc:datafield><marc:datafield tag="260" ind1=" " ind2=" "><marc:subfield code="a">Leipzig,</marc:subfield><marc:subfield code="c">1812, 19.</marc:subfield></marc:datafield><marc:datafield tag="300" ind1=" " ind2=" "><marc:subfield code="a">2 Tl. ;</marc:subfield><marc:subfield code="c">8º.</marc:subfield></marc:datafield><marc:datafield tag="500" ind1=" " ind2=" "><marc:subfield code="a">Tl. 2 is of the 4th edition.</marc:subfield></marc:datafield><marc:datafield tag="775" ind1="0" ind2=" "><marc:subfield code="t">[Vollständige Anweisung zur deutschen Orthographie, nebst einem kleinem Wörterbuche für die Ausprache, Orthographie, Biegung und Ableitung ... Dritte Auflage.]</marc:subfield><marc:subfield code="d">pp. 424. Leipzig, 1835. 8º.</marc:subfield><marc:subfield code="w">(Uk)MP1.0000021508.1</marc:subfield></marc:datafield><marc:datafield tag="775" ind1="0" ind2=" "><marc:subfield code="t">[Vollständige Anweisung zur deutschen Orthographie, nebst einem kleinem Wörterbuche für die Ausprache, Orthographie, Biegung und Ableitung ... Dritte Auflage.]</marc:subfield><marc:subfield code="d">pp. xvi. 724. Leipzig, 1834. 8º.</marc:subfield><marc:subfield code="w">(Uk)MP1.0000021508.2</marc:subfield></marc:datafield><marc:datafield tag="852" ind1="4" ind2="1"><marc:subfield code="a">British Library</marc:subfield><marc:subfield code="b">HMNTS</marc:subfield><marc:subfield code="j">236.f.1.</marc:subfield></marc:datafield><marc:datafield tag="852" ind1="4" ind2="1"><marc:subfield code="a">British Library</marc:subfield><marc:subfield code="b">HMNTS</marc:subfield><marc:subfield code="j">236.f.2.</marc:subfield></marc:datafield></marc:record>