
<marc:record><marc:leader>00859cam a22001693  4500</marc:leader>
<marc:controlfield tag="001">000019385</marc:controlfield>
<marc:controlfield tag="003">Uk</marc:controlfield><marc:controlfield tag="005">20110311165800.0</marc:controlfield><marc:controlfield tag="008">950308|1835|||||||    ||     ||| |||||  </marc:controlfield><marc:datafield tag="040" ind1=" " ind2=" "><marc:subfield code="a">Uk</marc:subfield><marc:subfield code="c">Uk</marc:subfield></marc:datafield><marc:datafield tag="100" ind1="1" ind2=" "><marc:subfield code="a">ADELUNG, Johann Christoph.</marc:subfield></marc:datafield><marc:datafield tag="245" ind1="1" ind2="0"><marc:subfield code="a">[Vollständige Anweisung zur deutschen Orthographie, nebst einem kleinem Wörterbuche für die Ausprache, Orthographie, Biegung und Ableitung ... Dritte Auflage.]</marc:subfield></marc:datafield><marc:datafield tag="250" ind1=" " ind2=" "><marc:subfield code="a">[Another edition of Tl. 1.] Vollständige Anweisung zur deutschen Orthographie ... Fünfte Auflage.</marc:subfield></marc:datafield><marc:datafield tag="260" ind1=" " ind2=" "><marc:subfield code="a">Leipzig,</marc:subfield><marc:subfield code="c">1835.</marc:subfield></marc:datafield><marc:datafield tag="300" ind1=" " ind2=" "><marc:subfield code="a">424 p. ;</marc:subfield><marc:subfield code="c">8º.</marc:subfield></marc:datafield><marc:datafield tag="787" ind1="0" ind2=" "><marc:subfield code="t">Vollständige Anweisung zur deutschen Orthographie, nebst einem kleinem Wörterbuche für die Ausprache, Orthographie, Biegung und Ableitung ... Dritte Auflage.</marc:subfield><marc:subfield code="d">2 Tl. Leipzig, 1812, 19. 8º.</marc:subfield><marc:subfield code="w">(Uk)MP1.0000021508</marc:subfield></marc:datafield><marc:datafield tag="852" ind1="4" ind2="1"><marc:subfield code="a">British Library</marc:subfield><marc:subfield code="b">HMNTS</marc:subfield><marc:subfield code="j">12962.bbb.28.</marc:subfield></marc:datafield></marc:record>