
<marc:record><marc:leader>01029cam a22001933  4500</marc:leader>
<marc:controlfield tag="001">000019386</marc:controlfield>
<marc:controlfield tag="003">Uk</marc:controlfield><marc:controlfield tag="005">20110421155500.0</marc:controlfield><marc:controlfield tag="008">950308|1834|||||||    ||     ||| |||||  </marc:controlfield><marc:datafield tag="040" ind1=" " ind2=" "><marc:subfield code="a">Uk</marc:subfield><marc:subfield code="c">Uk</marc:subfield></marc:datafield><marc:datafield tag="100" ind1="1" ind2=" "><marc:subfield code="a">ADELUNG, Johann Christoph.</marc:subfield></marc:datafield><marc:datafield tag="245" ind1="1" ind2="0"><marc:subfield code="a">[Vollständige Anweisung zur deutschen Orthographie, nebst einem kleinem Wörterbuche für die Ausprache, Orthographie, Biegung und Ableitung ... Dritte Auflage.]</marc:subfield></marc:datafield><marc:datafield tag="250" ind1=" " ind2=" "><marc:subfield code="a">[Another edition of Tl. 2.] Kleines Wörterbuch der deutschen Sprache ... Sechste ... ganz umgearbeitete ... Ausgabe ... von Karl Benjamin Schade.</marc:subfield></marc:datafield><marc:datafield tag="260" ind1=" " ind2=" "><marc:subfield code="a">Leipzig,</marc:subfield><marc:subfield code="c">1834.</marc:subfield></marc:datafield><marc:datafield tag="300" ind1=" " ind2=" "><marc:subfield code="a">xvi, 724 p. ;</marc:subfield><marc:subfield code="c">8º.</marc:subfield></marc:datafield><marc:datafield tag="700" ind1="1" ind2=" "><marc:subfield code="a">SCHADE, Carl Benjamin.</marc:subfield></marc:datafield><marc:datafield tag="787" ind1="0" ind2=" "><marc:subfield code="t">Vollständige Anweisung zur deutschen Orthographie, nebst einem kleinem Wörterbuche für die Ausprache, Orthographie, Biegung und Ableitung ... Dritte Auflage.</marc:subfield><marc:subfield code="d">2 Tl. Leipzig, 1812, 19. 8º.</marc:subfield><marc:subfield code="w">(Uk)MP1.0000021508</marc:subfield></marc:datafield><marc:datafield tag="852" ind1="4" ind2="1"><marc:subfield code="a">British Library</marc:subfield><marc:subfield code="b">HMNTS</marc:subfield><marc:subfield code="j">12962.cc.32.</marc:subfield></marc:datafield><marc:datafield tag="886" ind1="2" ind2=" "><marc:subfield code="2">blmarc</marc:subfield><marc:subfield code="a">709</marc:subfield><marc:subfield code="b">00</marc:subfield><marc:subfield code="a">SCHADE</marc:subfield><marc:subfield code="h">Carl Benjamin</marc:subfield><marc:subfield code="p">12962.cc.32.</marc:subfield><marc:subfield code="x">291366010X</marc:subfield></marc:datafield></marc:record>