
<marc:record><marc:leader>01124cam a22001693  4500</marc:leader>
<marc:controlfield tag="001">000019396</marc:controlfield>
<marc:controlfield tag="003">Uk</marc:controlfield><marc:controlfield tag="005">20120420175300.0</marc:controlfield><marc:controlfield tag="008">870814|1881|||||||    ||     ||| |||||  </marc:controlfield><marc:datafield tag="040" ind1=" " ind2=" "><marc:subfield code="a">Uk</marc:subfield><marc:subfield code="c">Uk</marc:subfield></marc:datafield><marc:datafield tag="100" ind1="1" ind2=" "><marc:subfield code="a">ADEMA, E.</marc:subfield></marc:datafield><marc:datafield tag="245" ind1="1" ind2="0"><marc:subfield code="a">Hermann Ritter und seine Viola alta. Gesammelte Aufsätze ... Supplement zu H. Ritter's Buche: Die Geschichte der Viola alta und die Grundsätze ihres Baues. [Essays by various writers, edited by E. Adema. With a portrait.]</marc:subfield></marc:datafield><marc:datafield tag="260" ind1=" " ind2=" "><marc:subfield code="a">Würzburg,</marc:subfield><marc:subfield code="c">1881.</marc:subfield></marc:datafield><marc:datafield tag="300" ind1=" " ind2=" "><marc:subfield code="a">65 p. ;</marc:subfield><marc:subfield code="c">8º.</marc:subfield></marc:datafield><marc:datafield tag="700" ind1="1" ind2=" "><marc:subfield code="a">RITTER, Hermann.</marc:subfield><marc:subfield code="t">Die Viola alta oder Altgeige ... Als Anhang: Brief R. Wagner's an den Verfasser ... Haupsächlichste Musik-Litteratur für die Viola alta ... Dritte veränderte und verbesserte Auflage [of “Die Geschichte der Viola alta”].</marc:subfield></marc:datafield><marc:datafield tag="852" ind1="4" ind2="1"><marc:subfield code="a">British Library</marc:subfield><marc:subfield code="b">HMNTS</marc:subfield><marc:subfield code="j">7898.aaa.30.</marc:subfield></marc:datafield><marc:datafield tag="886" ind1="2" ind2=" "><marc:subfield code="2">blmarc</marc:subfield><marc:subfield code="a">709</marc:subfield><marc:subfield code="b">00</marc:subfield><marc:subfield code="a">RITTER</marc:subfield><marc:subfield code="h">Hermann</marc:subfield><marc:subfield code="t">Die Viola alta oder Altgeige ... Als Anhang: Brief R. Wagner's an den Verfasser ... Haupsächlichste Musik-Litteratur für die Viola alta ... Dritte veränderte und verbesserte Auflage [of “Die Geschichte der Viola alta”].</marc:subfield><marc:subfield code="p">7898.aaa.30.</marc:subfield><marc:subfield code="x">2770590227</marc:subfield></marc:datafield></marc:record>