
<marc:record><marc:leader>00604 am a22001573  4500</marc:leader>
<marc:controlfield tag="001">000019423</marc:controlfield>
<marc:controlfield tag="003">Uk</marc:controlfield><marc:controlfield tag="005">20040908130518.0</marc:controlfield><marc:controlfield tag="008">870814|1840|||||||    ||     ||| |||||  </marc:controlfield><marc:datafield tag="040" ind1=" " ind2=" "><marc:subfield code="a">Uk</marc:subfield><marc:subfield code="c">Uk</marc:subfield></marc:datafield><marc:datafield tag="100" ind1="1" ind2=" "><marc:subfield code="a">ADEMOLLO, Agostino.</marc:subfield></marc:datafield><marc:datafield tag="245" ind1="1" ind2="0"><marc:subfield code="a">Marietta de' Ricci, ovvero Firenze al tempo dell' assedio. Racconto storico, etc.</marc:subfield></marc:datafield><marc:datafield tag="260" ind1=" " ind2=" "><marc:subfield code="a">Firenze,</marc:subfield><marc:subfield code="c">1840 [-41].</marc:subfield></marc:datafield><marc:datafield tag="300" ind1=" " ind2=" "><marc:subfield code="a">3 pt. pp. xxi. 1126 ;</marc:subfield><marc:subfield code="c">12º.</marc:subfield></marc:datafield><marc:datafield tag="775" ind1="0" ind2=" "><marc:subfield code="t">[Marietta de' Ricci, ovvero Firenze al tempo dell' assedio. Racconto storico, etc.]</marc:subfield><marc:subfield code="d">6 vol. pp. xviii. 2207. Firenze, 1845. 8º.</marc:subfield><marc:subfield code="w">(Uk)MP1.0000021552.1</marc:subfield></marc:datafield><marc:datafield tag="852" ind1="4" ind2="1"><marc:subfield code="a">British Library</marc:subfield><marc:subfield code="b">HMNTS</marc:subfield><marc:subfield code="j">12470.bb.9.</marc:subfield></marc:datafield></marc:record>