
<marc:record><marc:leader>00830cam a22001933  4500</marc:leader>
<marc:controlfield tag="001">000019424</marc:controlfield>
<marc:controlfield tag="003">Uk</marc:controlfield><marc:controlfield tag="005">20120312143000.0</marc:controlfield><marc:controlfield tag="008">870814|1845|||||||    ||     ||| |||||  </marc:controlfield><marc:datafield tag="040" ind1=" " ind2=" "><marc:subfield code="a">Uk</marc:subfield><marc:subfield code="c">Uk</marc:subfield></marc:datafield><marc:datafield tag="100" ind1="1" ind2=" "><marc:subfield code="a">ADEMOLLO, Agostino.</marc:subfield></marc:datafield><marc:datafield tag="245" ind1="1" ind2="0"><marc:subfield code="a">[Marietta de' Ricci, ovvero Firenze al tempo dell' assedio. Racconto storico, etc.]</marc:subfield></marc:datafield><marc:datafield tag="250" ind1=" " ind2=" "><marc:subfield code="a">Seconda edizione, con correzioni e aggiunte per cura di Luigi Passerini.</marc:subfield></marc:datafield><marc:datafield tag="260" ind1=" " ind2=" "><marc:subfield code="a">6 vol. pp. xviii. 2207. Firenze, 1845.</marc:subfield></marc:datafield><marc:datafield tag="300" ind1=" " ind2=" "><marc:subfield code="a">8º.</marc:subfield></marc:datafield><marc:datafield tag="700" ind1="1" ind2=" "><marc:subfield code="a">Passerini, Luigi,</marc:subfield><marc:subfield code="d">1816-1877.</marc:subfield></marc:datafield><marc:datafield tag="787" ind1="0" ind2=" "><marc:subfield code="t">Marietta de' Ricci, ovvero Firenze al tempo dell' assedio. Racconto storico, etc.</marc:subfield><marc:subfield code="d">3 pt. pp. xxi. 1126. Firenze, 1840 [-41]. 12º.</marc:subfield><marc:subfield code="w">(Uk)MP1.0000021552</marc:subfield></marc:datafield><marc:datafield tag="852" ind1="4" ind2="1"><marc:subfield code="a">British Library</marc:subfield><marc:subfield code="b">HMNTS</marc:subfield><marc:subfield code="j">12470.h.2.</marc:subfield></marc:datafield><marc:datafield tag="886" ind1="2" ind2=" "><marc:subfield code="2">blmarc</marc:subfield><marc:subfield code="a">709</marc:subfield><marc:subfield code="b">00</marc:subfield><marc:subfield code="a">PASSERINI ORSINI DE RILLI</marc:subfield><marc:subfield code="h">Luigi</marc:subfield><marc:subfield code="f">Count</marc:subfield><marc:subfield code="p">12470.h.2.</marc:subfield><marc:subfield code="x">2483990266</marc:subfield></marc:datafield></marc:record>