
<marc:record><marc:leader>00892cam a22001693  4500</marc:leader>
<marc:controlfield tag="001">000019440</marc:controlfield>
<marc:controlfield tag="003">Uk</marc:controlfield><marc:controlfield tag="005">20110311165800.0</marc:controlfield><marc:controlfield tag="008">870814|1884|||||||    ||     ||| |||||  </marc:controlfield><marc:datafield tag="040" ind1=" " ind2=" "><marc:subfield code="a">Uk</marc:subfield><marc:subfield code="c">Uk</marc:subfield></marc:datafield><marc:datafield tag="100" ind1="1" ind2=" "><marc:subfield code="a">ADEMOLLO, Alessandro.</marc:subfield></marc:datafield><marc:datafield tag="245" ind1="1" ind2="0"><marc:subfield code="a">Saggio di riveditura di bucce al libro del sig. D. Silvagni intitolato La Corte e la Società Romana nei secoli XVIII e XIX.</marc:subfield></marc:datafield><marc:datafield tag="260" ind1=" " ind2=" "><marc:subfield code="a">Roma,</marc:subfield><marc:subfield code="c">1884.</marc:subfield></marc:datafield><marc:datafield tag="300" ind1=" " ind2=" "><marc:subfield code="a">64 p. ;</marc:subfield><marc:subfield code="c">8º.</marc:subfield></marc:datafield><marc:datafield tag="700" ind1="1" ind2=" "><marc:subfield code="a">SILVAGNI, David.</marc:subfield><marc:subfield code="t">Rome, its Princes, Priests and People: being a translation of ... “La Corte e la società romana nei XVIII. and [sic] XIX. secoli,” by F. MacLaughlin.</marc:subfield></marc:datafield><marc:datafield tag="852" ind1="4" ind2="1"><marc:subfield code="a">British Library</marc:subfield><marc:subfield code="b">HMNTS</marc:subfield><marc:subfield code="j">11840.aaa.17.(2.)</marc:subfield></marc:datafield><marc:datafield tag="886" ind1="2" ind2=" "><marc:subfield code="2">blmarc</marc:subfield><marc:subfield code="a">709</marc:subfield><marc:subfield code="b">00</marc:subfield><marc:subfield code="a">SILVAGNI</marc:subfield><marc:subfield code="h">David</marc:subfield><marc:subfield code="t">Rome, its Princes, Priests and People: being a translation of ... “La Corte e la società romana nei XVIII. and [sic] XIX. secoli,” by F. MacLaughlin.</marc:subfield><marc:subfield code="p">11840.aaa.17.(2.)</marc:subfield><marc:subfield code="x">3023500339</marc:subfield></marc:datafield></marc:record>