
<marc:record><marc:leader>00623cam a22001693  4500</marc:leader>
<marc:controlfield tag="001">000019534</marc:controlfield>
<marc:controlfield tag="003">Uk</marc:controlfield><marc:controlfield tag="005">20110311165800.0</marc:controlfield><marc:controlfield tag="008">950213|1900|||||||    ||    |||| |||||  </marc:controlfield><marc:datafield tag="040" ind1=" " ind2=" "><marc:subfield code="a">Uk</marc:subfield><marc:subfield code="c">Uk</marc:subfield></marc:datafield><marc:datafield tag="245" ind1="1" ind2="0"><marc:subfield code="a">Le Roman de Berte aux Grands Pieds. Renouvelé par R. Périé.</marc:subfield></marc:datafield><marc:datafield tag="260" ind1=" " ind2=" "><marc:subfield code="a">Paris,</marc:subfield><marc:subfield code="c">1900.</marc:subfield></marc:datafield><marc:datafield tag="300" ind1=" " ind2=" "><marc:subfield code="a">130 p. ;</marc:subfield><marc:subfield code="c">8º.</marc:subfield></marc:datafield><marc:datafield tag="700" ind1="1" ind2=" "><marc:subfield code="a">PÉRIÉ, Raphael,</marc:subfield><marc:subfield code="c">Adapter of “Berte aux Grands Pieds.”'.</marc:subfield></marc:datafield><marc:datafield tag="720" ind1=" " ind2=" "><marc:subfield code="a">ADENÉS, surnamed Le Roi</marc:subfield><marc:subfield code="e">main entry</marc:subfield></marc:datafield><marc:datafield tag="852" ind1="4" ind2="1"><marc:subfield code="a">British Library</marc:subfield><marc:subfield code="b">HMNTS</marc:subfield><marc:subfield code="j">011483.eee.30.</marc:subfield></marc:datafield><marc:datafield tag="886" ind1="2" ind2=" "><marc:subfield code="2">blmarc</marc:subfield><marc:subfield code="a">709</marc:subfield><marc:subfield code="b">00</marc:subfield><marc:subfield code="a">PÉRIÉ</marc:subfield><marc:subfield code="h">Raphael</marc:subfield><marc:subfield code="f">Adapter of “Berte aux Grands Pieds.”'</marc:subfield><marc:subfield code="p">011483.eee.30.</marc:subfield><marc:subfield code="x">2514640288</marc:subfield></marc:datafield></marc:record>