
<marc:record><marc:leader>01089 am a22002053  4500</marc:leader>
<marc:controlfield tag="001">000019536</marc:controlfield>
<marc:controlfield tag="003">Uk</marc:controlfield><marc:controlfield tag="005">20091125222000.0</marc:controlfield><marc:controlfield tag="008">950213|1869|||||||    ||    |||| |||||  </marc:controlfield><marc:datafield tag="040" ind1=" " ind2=" "><marc:subfield code="a">Uk</marc:subfield><marc:subfield code="c">Uk</marc:subfield></marc:datafield><marc:datafield tag="245" ind1="1" ind2="0"><marc:subfield code="a">[Cléomadès, conte traduit en vers français modernes ... par le Chevalier de Chatelain.]</marc:subfield></marc:datafield><marc:datafield tag="250" ind1=" " ind2=" "><marc:subfield code="a">Deuxième édition.</marc:subfield></marc:datafield><marc:datafield tag="260" ind1=" " ind2=" "><marc:subfield code="a">pp. xxxii, 120. B. M. Pickering: London, 1869.</marc:subfield></marc:datafield><marc:datafield tag="300" ind1=" " ind2=" "><marc:subfield code="a">8º.</marc:subfield></marc:datafield><marc:datafield tag="700" ind1="1" ind2=" "><marc:subfield code="a">CHATELAIN, Jean Baptiste François Ernest de.</marc:subfield></marc:datafield><marc:datafield tag="720" ind1=" " ind2=" "><marc:subfield code="a">ADENÉS, surnamed Le Roi</marc:subfield><marc:subfield code="e">main entry</marc:subfield></marc:datafield><marc:datafield tag="787" ind1="0" ind2=" "><marc:subfield code="t">Cléomadès, conte traduit en vers français modernes ... par le Chevalier de Chatelain.</marc:subfield><marc:subfield code="d">pp. xiii, 104. B. M. Pickering: London, 1859. 8º.</marc:subfield><marc:subfield code="w">(Uk)MP1.0000021660</marc:subfield></marc:datafield><marc:datafield tag="852" ind1="4" ind2="1"><marc:subfield code="a">British Library</marc:subfield><marc:subfield code="b">HMNTS</marc:subfield><marc:subfield code="j">11474.bb.28.</marc:subfield></marc:datafield><marc:datafield tag="852" ind1="4" ind2="1"><marc:subfield code="a">British Library</marc:subfield><marc:subfield code="b">HMNTS</marc:subfield><marc:subfield code="j">11474.bb.24.</marc:subfield><marc:subfield code="3">[Another copy.]***In this copy the title “Cléomedès,” and the place of publication “London,” which should be in red ink, have not been printed.</marc:subfield></marc:datafield><marc:datafield tag="886" ind1="2" ind2=" "><marc:subfield code="2">blmarc</marc:subfield><marc:subfield code="a">709</marc:subfield><marc:subfield code="b">00</marc:subfield><marc:subfield code="a">CHATELAIN</marc:subfield><marc:subfield code="h">Jean Baptiste François Ernest de</marc:subfield><marc:subfield code="p">11474.bb.28.</marc:subfield><marc:subfield code="x">0594490006</marc:subfield><marc:subfield code="p">11475.c.1.</marc:subfield><marc:subfield code="x">0594490006</marc:subfield></marc:datafield></marc:record>