
<marc:record><marc:leader>00609cam a22001813  4500</marc:leader>
<marc:controlfield tag="001">000019566</marc:controlfield>
<marc:controlfield tag="003">Uk</marc:controlfield><marc:controlfield tag="005">20130501182900.0</marc:controlfield><marc:controlfield tag="008">870814|1894||||enk    ||     ||| ||eng  </marc:controlfield><marc:datafield tag="040" ind1=" " ind2=" "><marc:subfield code="a">Uk</marc:subfield><marc:subfield code="c">Uk</marc:subfield></marc:datafield><marc:datafield tag="100" ind1="1" ind2=" "><marc:subfield code="a">ADENEY, Walter Frederic.</marc:subfield></marc:datafield><marc:datafield tag="245" ind1="1" ind2="4"><marc:subfield code="a">The Theology of the New Testament.</marc:subfield></marc:datafield><marc:datafield tag="260" ind1=" " ind2=" "><marc:subfield code="a">London :</marc:subfield><marc:subfield code="b">Hodder &amp; Stoughton,</marc:subfield><marc:subfield code="c">1894.</marc:subfield></marc:datafield><marc:datafield tag="300" ind1=" " ind2=" "><marc:subfield code="a">vii, 248 p. ;</marc:subfield><marc:subfield code="c">8º.</marc:subfield></marc:datafield><marc:datafield tag="490" ind1="0" ind2=" "><marc:subfield code="a">[Theological Educator.]</marc:subfield></marc:datafield><marc:datafield tag="730" ind1="0" ind2=" "><marc:subfield code="a">Bible. Appendix. New Testament. Miscellaneous</marc:subfield></marc:datafield><marc:datafield tag="852" ind1="4" ind2="1"><marc:subfield code="a">British Library</marc:subfield><marc:subfield code="b">HMNTS</marc:subfield><marc:subfield code="j">03560.f.1/3.</marc:subfield></marc:datafield><marc:datafield tag="886" ind1="2" ind2=" "><marc:subfield code="2">blmarc</marc:subfield><marc:subfield code="a">709</marc:subfield><marc:subfield code="b">00</marc:subfield><marc:subfield code="a">BIBLE</marc:subfield><marc:subfield code="t">Appendix</marc:subfield><marc:subfield code="t">New Testament</marc:subfield><marc:subfield code="t">Miscellaneous</marc:subfield><marc:subfield code="p">03560.f.1/3.</marc:subfield><marc:subfield code="x">0312820186</marc:subfield></marc:datafield></marc:record>