
<marc:record><marc:leader>00667cam a22001813  4500</marc:leader>
<marc:controlfield tag="001">000019585</marc:controlfield>
<marc:controlfield tag="003">Uk</marc:controlfield><marc:controlfield tag="005">20110311165800.0</marc:controlfield><marc:controlfield tag="008">870814|1868|||||||    ||     ||| |||||  </marc:controlfield><marc:datafield tag="040" ind1=" " ind2=" "><marc:subfield code="a">Uk</marc:subfield><marc:subfield code="c">Uk</marc:subfield></marc:datafield><marc:datafield tag="100" ind1="1" ind2=" "><marc:subfield code="a">ADENIS, Jules,</marc:subfield><marc:subfield code="c">and GASTINEAU (Octave)</marc:subfield></marc:datafield><marc:datafield tag="245" ind1="1" ind2="0"><marc:subfield code="a">La Czarine. Drame en cinq actes et huit tableaux.</marc:subfield></marc:datafield><marc:datafield tag="260" ind1=" " ind2=" "><marc:subfield code="a">Paris,</marc:subfield><marc:subfield code="c">1868.</marc:subfield></marc:datafield><marc:datafield tag="300" ind1=" " ind2=" "><marc:subfield code="a">104 p. ;</marc:subfield><marc:subfield code="c">12º.</marc:subfield></marc:datafield><marc:datafield tag="700" ind1="1" ind2=" "><marc:subfield code="a">GASTINEAU, Octave.</marc:subfield></marc:datafield><marc:datafield tag="775" ind1="0" ind2=" "><marc:subfield code="t">[La Czarine. Drame en cinq actes et huit tableaux.]</marc:subfield><marc:subfield code="d">pp. 22. Paris, [1869.] 4º.</marc:subfield><marc:subfield code="w">(Uk)MP1.0000021710.1</marc:subfield></marc:datafield><marc:datafield tag="852" ind1="4" ind2="1"><marc:subfield code="a">British Library</marc:subfield><marc:subfield code="b">HMNTS</marc:subfield><marc:subfield code="j">11739.cc.11.(2.)</marc:subfield></marc:datafield><marc:datafield tag="886" ind1="2" ind2=" "><marc:subfield code="2">blmarc</marc:subfield><marc:subfield code="a">709</marc:subfield><marc:subfield code="b">00</marc:subfield><marc:subfield code="a">GASTINEAU</marc:subfield><marc:subfield code="h">Octave</marc:subfield><marc:subfield code="p">11737.i.5.</marc:subfield><marc:subfield code="x">1203990154</marc:subfield><marc:subfield code="p">11739.cc.11.(2.)</marc:subfield><marc:subfield code="x">1203990154</marc:subfield></marc:datafield></marc:record>