
<marc:record><marc:leader>00835cam a22001933  4500</marc:leader>
<marc:controlfield tag="001">000019615</marc:controlfield>
<marc:controlfield tag="003">Uk</marc:controlfield><marc:controlfield tag="005">20120120152600.0</marc:controlfield><marc:controlfield tag="008">870814|1896|||||||    ||    |||| |||||  </marc:controlfield><marc:datafield tag="040" ind1=" " ind2=" "><marc:subfield code="a">Uk</marc:subfield><marc:subfield code="c">Uk</marc:subfield></marc:datafield><marc:datafield tag="245" ind1="1" ind2="0"><marc:subfield code="a">Hand-Reading; or, the Science of Chirology. By an Adept. With ... illustrations.</marc:subfield></marc:datafield><marc:datafield tag="260" ind1=" " ind2=" "><marc:subfield code="a">London :</marc:subfield><marc:subfield code="b">A. Lewis,</marc:subfield><marc:subfield code="c">[1896]</marc:subfield></marc:datafield><marc:datafield tag="300" ind1=" " ind2=" "><marc:subfield code="a">120 p. ;</marc:subfield><marc:subfield code="c">8º.</marc:subfield></marc:datafield><marc:datafield tag="720" ind1=" " ind2=" "><marc:subfield code="a">ADEPT</marc:subfield><marc:subfield code="e">main entry</marc:subfield></marc:datafield><marc:datafield tag="720" ind1=" " ind2=" "><marc:subfield code="a">HAND-READING</marc:subfield></marc:datafield><marc:datafield tag="775" ind1="0" ind2=" "><marc:subfield code="t">[Hand-Reading; or, the Science of Chirology. By an Adept. With ... illustrations.]</marc:subfield><marc:subfield code="d">pp. 120. W. Rider &amp; Son: London, [1912.] 8º.</marc:subfield><marc:subfield code="w">(Uk)MP1.0000021736.1</marc:subfield></marc:datafield><marc:datafield tag="787" ind1="0" ind2=" "><marc:subfield code="t">[Hand-Reading; or, the Science of Chirology. By an Adept. With ... illustrations.]</marc:subfield><marc:subfield code="d">London, 1929. 8º.</marc:subfield><marc:subfield code="w">(Uk)MP1.0000021736.2</marc:subfield></marc:datafield><marc:datafield tag="852" ind1="4" ind2="1"><marc:subfield code="a">British Library</marc:subfield><marc:subfield code="b">HMNTS</marc:subfield><marc:subfield code="j">08631.ee.1.</marc:subfield></marc:datafield><marc:datafield tag="886" ind1="2" ind2=" "><marc:subfield code="2">blmarc</marc:subfield><marc:subfield code="a">709</marc:subfield><marc:subfield code="b">00</marc:subfield><marc:subfield code="a">HAND-READING</marc:subfield><marc:subfield code="p">08631.ee.1.</marc:subfield><marc:subfield code="x">1391240294</marc:subfield></marc:datafield></marc:record>