
<marc:record><marc:leader>00568cam a22001693  4500</marc:leader>
<marc:controlfield tag="001">000019647</marc:controlfield>
<marc:controlfield tag="003">Uk</marc:controlfield><marc:controlfield tag="005">20120209132300.0</marc:controlfield><marc:controlfield tag="008">870814|1826|||||||    ||     ||| |||||  </marc:controlfield><marc:datafield tag="040" ind1=" " ind2=" "><marc:subfield code="a">Uk</marc:subfield><marc:subfield code="c">Uk</marc:subfield></marc:datafield><marc:datafield tag="100" ind1="1" ind2=" "><marc:subfield code="a">ADER, Jean Joseph,</marc:subfield><marc:subfield code="c">and FONTAN (Louis Marie)</marc:subfield></marc:datafield><marc:datafield tag="245" ind1="1" ind2="0"><marc:subfield code="a">L'Actrice, ou les Deux Portraits, comédie en un acte et en vers, etc.</marc:subfield></marc:datafield><marc:datafield tag="260" ind1=" " ind2=" "><marc:subfield code="a">Paris,</marc:subfield><marc:subfield code="c">1826.</marc:subfield></marc:datafield><marc:datafield tag="300" ind1=" " ind2=" "><marc:subfield code="a">34 p. ;</marc:subfield><marc:subfield code="c">8º.</marc:subfield></marc:datafield><marc:datafield tag="700" ind1="1" ind2=" "><marc:subfield code="a">Fontan,</marc:subfield><marc:subfield code="c">M.</marc:subfield><marc:subfield code="q">(Louis-Marie),</marc:subfield><marc:subfield code="d">1801-1839</marc:subfield></marc:datafield><marc:datafield tag="852" ind1="4" ind2="1"><marc:subfield code="a">British Library</marc:subfield><marc:subfield code="b">HMNTS</marc:subfield><marc:subfield code="j">11738.f.1.(2.)</marc:subfield></marc:datafield><marc:datafield tag="886" ind1="2" ind2=" "><marc:subfield code="2">blmarc</marc:subfield><marc:subfield code="a">709</marc:subfield><marc:subfield code="b">00</marc:subfield><marc:subfield code="a">FONTAN</marc:subfield><marc:subfield code="h">Louis Marie</marc:subfield><marc:subfield code="p">11738.f.1.(2.)</marc:subfield><marc:subfield code="x">1111230080</marc:subfield></marc:datafield></marc:record>