
<marc:record><marc:leader>00685cam a22001693  4500</marc:leader>
<marc:controlfield tag="001">000019684</marc:controlfield>
<marc:controlfield tag="003">Uk</marc:controlfield><marc:controlfield tag="005">20110311165800.0</marc:controlfield><marc:controlfield tag="008">870814|1858|||||||    ||     ||| |||||  </marc:controlfield><marc:datafield tag="040" ind1=" " ind2=" "><marc:subfield code="a">Uk</marc:subfield><marc:subfield code="c">Uk</marc:subfield></marc:datafield><marc:datafield tag="100" ind1="1" ind2=" "><marc:subfield code="a">ADERHOLDT, August E.</marc:subfield></marc:datafield><marc:datafield tag="245" ind1="1" ind2="0"><marc:subfield code="a">Ueber Göthe's Farbenlehre. Ein Vortrag ... Nebst einem Anhang: Grävell's Bemühungen zur Rechtfertigung Göthe's.</marc:subfield></marc:datafield><marc:datafield tag="260" ind1=" " ind2=" "><marc:subfield code="a">Weimar,</marc:subfield><marc:subfield code="c">1858.</marc:subfield></marc:datafield><marc:datafield tag="300" ind1=" " ind2=" "><marc:subfield code="a">72 p. ;</marc:subfield><marc:subfield code="c">8º.</marc:subfield></marc:datafield><marc:datafield tag="700" ind1="1" ind2=" "><marc:subfield code="a">Goethe, Johann Wolfgang von,</marc:subfield><marc:subfield code="d">1749-1832</marc:subfield><marc:subfield code="t">Single Works. Zur Farbenlehre. Appendix.</marc:subfield></marc:datafield><marc:datafield tag="852" ind1="4" ind2="1"><marc:subfield code="a">British Library</marc:subfield><marc:subfield code="b">HMNTS</marc:subfield><marc:subfield code="j">8715.c.43.(4.)</marc:subfield></marc:datafield><marc:datafield tag="886" ind1="2" ind2=" "><marc:subfield code="2">blmarc</marc:subfield><marc:subfield code="a">709</marc:subfield><marc:subfield code="b">00</marc:subfield><marc:subfield code="a">GOETHE</marc:subfield><marc:subfield code="h">Johann Wolfgang von</marc:subfield><marc:subfield code="t">Single Works</marc:subfield><marc:subfield code="t">Zur Farbenlehre</marc:subfield><marc:subfield code="t">Appendix</marc:subfield><marc:subfield code="p">8715.c.43.(4.)</marc:subfield><marc:subfield code="x">1271690101</marc:subfield></marc:datafield></marc:record>