
<marc:record><marc:leader>00675 am a22001573  4500</marc:leader>
<marc:controlfield tag="001">000019705</marc:controlfield>
<marc:controlfield tag="003">Uk</marc:controlfield><marc:controlfield tag="005">20071017170342.0</marc:controlfield><marc:controlfield tag="008">870814s1801    fr           f000 0 fre  </marc:controlfield><marc:datafield tag="040" ind1=" " ind2=" "><marc:subfield code="a">Uk</marc:subfield><marc:subfield code="c">Uk</marc:subfield></marc:datafield><marc:datafield tag="100" ind1="1" ind2=" "><marc:subfield code="a">ADET, Pierre Auguste.</marc:subfield></marc:datafield><marc:datafield tag="245" ind1="1" ind2="0"><marc:subfield code="a">Tribunat. Rapport fait ... au nom d'une commission spéciale, sur un projet de loi concernant un échange entre la citoyenne Destouet et la commission administrative des hôpitaux de Barcelonne, Département du Gers. Séance du 22 ventose an 9.</marc:subfield></marc:datafield><marc:datafield tag="260" ind1=" " ind2=" "><marc:subfield code="a">pp. 3. Imprimerie nationale: Paris, an 9 [1801].</marc:subfield></marc:datafield><marc:datafield tag="300" ind1=" " ind2=" "><marc:subfield code="a">8º.</marc:subfield></marc:datafield><marc:datafield tag="852" ind1="4" ind2="1"><marc:subfield code="a">British Library</marc:subfield><marc:subfield code="b">HMNTS</marc:subfield><marc:subfield code="j">R.516.(32.)</marc:subfield></marc:datafield><marc:datafield tag="852" ind1="4" ind2="1"><marc:subfield code="a">British Library</marc:subfield><marc:subfield code="b">HMNTS</marc:subfield><marc:subfield code="j">FR.433(37)</marc:subfield><marc:subfield code="3">Another copy</marc:subfield></marc:datafield></marc:record>