
<marc:record><marc:leader>00618 am a22001573  4500</marc:leader>
<marc:controlfield tag="001">000019706</marc:controlfield>
<marc:controlfield tag="003">Uk</marc:controlfield><marc:controlfield tag="005">20080815103613.0</marc:controlfield><marc:controlfield tag="008">870814s1802    fr           f000 0 fre  </marc:controlfield><marc:datafield tag="040" ind1=" " ind2=" "><marc:subfield code="a">Uk</marc:subfield><marc:subfield code="c">Uk</marc:subfield></marc:datafield><marc:datafield tag="100" ind1="1" ind2=" "><marc:subfield code="a">ADET, Pierre Auguste.</marc:subfield></marc:datafield><marc:datafield tag="245" ind1="1" ind2="0"><marc:subfield code="a">Tribunat. Rapport fait ... au nom d'une commission spéciale sur le projet de loi relatif aux colonies restituées par le traité d'Amiens, et aux autres colonies françaises. Du 29 floréal an 10.</marc:subfield></marc:datafield><marc:datafield tag="260" ind1=" " ind2=" "><marc:subfield code="a">pp. 14. Imprimerie nationale: [Paris,] an 10 [1802].</marc:subfield></marc:datafield><marc:datafield tag="300" ind1=" " ind2=" "><marc:subfield code="a">8º.</marc:subfield></marc:datafield><marc:datafield tag="852" ind1="4" ind2="1"><marc:subfield code="a">British Library</marc:subfield><marc:subfield code="b">HMNTS</marc:subfield><marc:subfield code="j">R.321.(12.)</marc:subfield></marc:datafield><marc:datafield tag="852" ind1="4" ind2="1"><marc:subfield code="a">British Library</marc:subfield><marc:subfield code="b">HMNTS</marc:subfield><marc:subfield code="j">FR.400(27)</marc:subfield></marc:datafield></marc:record>