
<marc:record><marc:leader>00666 am a22001573  4500</marc:leader>
<marc:controlfield tag="001">000019707</marc:controlfield>
<marc:controlfield tag="003">Uk</marc:controlfield><marc:controlfield tag="005">20100113122746.0</marc:controlfield><marc:controlfield tag="008">870814s1801    fr           f000 0 fre  </marc:controlfield><marc:datafield tag="040" ind1=" " ind2=" "><marc:subfield code="a">Uk</marc:subfield><marc:subfield code="c">Uk</marc:subfield></marc:datafield><marc:datafield tag="100" ind1="1" ind2=" "><marc:subfield code="a">ADET, Pierre Auguste.</marc:subfield></marc:datafield><marc:datafield tag="245" ind1="1" ind2="0"><marc:subfield code="a">Tribunat. Rapport fait par P. A. Adet, au nom d'une commission spéciale, sur le projet de loi tendant à affecter deux kilares de terrain du relai de poste appelé le Poteau, département des Landes. Séance du 23 pluviose an 9.</marc:subfield></marc:datafield><marc:datafield tag="260" ind1=" " ind2=" "><marc:subfield code="a">pp. 2. Imprimerie nationale: [Paris,] an 9 [1801].</marc:subfield></marc:datafield><marc:datafield tag="300" ind1=" " ind2=" "><marc:subfield code="a">s. sh. 8º.</marc:subfield></marc:datafield><marc:datafield tag="852" ind1="4" ind2="1"><marc:subfield code="a">British Library</marc:subfield><marc:subfield code="b">HMNTS</marc:subfield><marc:subfield code="j">R.466(3)</marc:subfield></marc:datafield><marc:datafield tag="852" ind1="4" ind2="1"><marc:subfield code="a">British Library</marc:subfield><marc:subfield code="b">HMNTS</marc:subfield><marc:subfield code="j">FR.547(39)</marc:subfield><marc:subfield code="3">Another copy</marc:subfield></marc:datafield></marc:record>