
<marc:record><marc:leader>00642 am a22001573  4500</marc:leader>
<marc:controlfield tag="001">000019708</marc:controlfield>
<marc:controlfield tag="003">Uk</marc:controlfield><marc:controlfield tag="005">20091125222000.0</marc:controlfield><marc:controlfield tag="008">930809|1801|||||||    ||     ||| |||||  </marc:controlfield><marc:datafield tag="040" ind1=" " ind2=" "><marc:subfield code="a">Uk</marc:subfield><marc:subfield code="c">Uk</marc:subfield></marc:datafield><marc:datafield tag="100" ind1="1" ind2=" "><marc:subfield code="a">ADET, Pierre Auguste.</marc:subfield></marc:datafield><marc:datafield tag="245" ind1="1" ind2="0"><marc:subfield code="a">Tribunat. Rapport ... sur la convention conclue entre la République française et les États-unis d'Amerique [at Mortefontaine, 30 Sept. 1800]. Séance du 13 frimaire an 10.</marc:subfield></marc:datafield><marc:datafield tag="260" ind1=" " ind2=" "><marc:subfield code="a">Imprimerie nationale: Paris, an 10 [1801].</marc:subfield></marc:datafield><marc:datafield tag="300" ind1=" " ind2=" "><marc:subfield code="a">pp. 22. 8º.</marc:subfield></marc:datafield><marc:datafield tag="852" ind1="4" ind2="1"><marc:subfield code="a">British Library</marc:subfield><marc:subfield code="b">HMNTS</marc:subfield><marc:subfield code="j">FR.338.(17.)</marc:subfield></marc:datafield><marc:datafield tag="852" ind1="4" ind2="1"><marc:subfield code="a">British Library</marc:subfield><marc:subfield code="b">HMNTS</marc:subfield><marc:subfield code="j">R.313.(11.)</marc:subfield><marc:subfield code="3">[Another copy.]***Imperfect; wanting pp. 9-16.</marc:subfield></marc:datafield></marc:record>