
<marc:record><marc:leader>00806cam a22001573  4500</marc:leader>
<marc:controlfield tag="001">000019712</marc:controlfield>
<marc:controlfield tag="003">Uk</marc:controlfield><marc:controlfield tag="005">20111222151700.0</marc:controlfield><marc:controlfield tag="008">870814|1845|||||||    ||     ||| |||||  </marc:controlfield><marc:datafield tag="040" ind1=" " ind2=" "><marc:subfield code="a">Uk</marc:subfield><marc:subfield code="c">Uk</marc:subfield></marc:datafield><marc:datafield tag="100" ind1="1" ind2=" "><marc:subfield code="a">ADET DE ROSEVILLE, Ernest.</marc:subfield></marc:datafield><marc:datafield tag="245" ind1="1" ind2="0"><marc:subfield code="a">Conseils aux mères de famille, ou aperçu théorique et pratique des causes, des symptomes, de la marche, et de la gravité de quelques-unes des maladies les plus fréquentes des enfants, etc.</marc:subfield></marc:datafield><marc:datafield tag="260" ind1=" " ind2=" "><marc:subfield code="a">Paris,</marc:subfield><marc:subfield code="c">[1845]</marc:subfield></marc:datafield><marc:datafield tag="300" ind1=" " ind2=" "><marc:subfield code="a">99 p. ;</marc:subfield><marc:subfield code="c">8º.</marc:subfield></marc:datafield><marc:datafield tag="775" ind1="0" ind2=" "><marc:subfield code="t">[Conseils aux mères de famille, ou aperçu théorique et pratique des causes, des symptomes, de la marche, et de la gravité de quelques-unes des maladies les plus fréquentes des enfants, etc.]</marc:subfield><marc:subfield code="d">pp. 268. Paris, 1863. 12º.</marc:subfield><marc:subfield code="w">(Uk)MP1.0000021828.1</marc:subfield></marc:datafield><marc:datafield tag="852" ind1="4" ind2="1"><marc:subfield code="a">British Library</marc:subfield><marc:subfield code="b">HMNTS</marc:subfield><marc:subfield code="j">1176.d.12.</marc:subfield></marc:datafield></marc:record>