
<marc:record><marc:leader>00885cam a22001693  4500</marc:leader>
<marc:controlfield tag="001">000019713</marc:controlfield>
<marc:controlfield tag="003">Uk</marc:controlfield><marc:controlfield tag="005">20110311165800.0</marc:controlfield><marc:controlfield tag="008">870814|1863|||||||    ||     ||| |||||  </marc:controlfield><marc:datafield tag="040" ind1=" " ind2=" "><marc:subfield code="a">Uk</marc:subfield><marc:subfield code="c">Uk</marc:subfield></marc:datafield><marc:datafield tag="100" ind1="1" ind2=" "><marc:subfield code="a">ADET DE ROSEVILLE, Ernest.</marc:subfield></marc:datafield><marc:datafield tag="245" ind1="1" ind2="0"><marc:subfield code="a">[Conseils aux mères de famille, ou aperçu théorique et pratique des causes, des symptomes, de la marche, et de la gravité de quelques-unes des maladies les plus fréquentes des enfants, etc.]</marc:subfield></marc:datafield><marc:datafield tag="250" ind1=" " ind2=" "><marc:subfield code="a">[Another edition.] Guide médical des mères de famille, etc.</marc:subfield></marc:datafield><marc:datafield tag="260" ind1=" " ind2=" "><marc:subfield code="a">Paris,</marc:subfield><marc:subfield code="c">1863.</marc:subfield></marc:datafield><marc:datafield tag="300" ind1=" " ind2=" "><marc:subfield code="a">268 p. ;</marc:subfield><marc:subfield code="c">12º.</marc:subfield></marc:datafield><marc:datafield tag="787" ind1="0" ind2=" "><marc:subfield code="t">Conseils aux mères de famille, ou aperçu théorique et pratique des causes, des symptomes, de la marche, et de la gravité de quelques-unes des maladies les plus fréquentes des enfants, etc.</marc:subfield><marc:subfield code="d">pp. 99. Paris, [1845.] 8º.</marc:subfield><marc:subfield code="w">(Uk)MP1.0000021828</marc:subfield></marc:datafield><marc:datafield tag="852" ind1="4" ind2="1"><marc:subfield code="a">British Library</marc:subfield><marc:subfield code="b">HMNTS</marc:subfield><marc:subfield code="j">7580.aa.3.</marc:subfield></marc:datafield></marc:record>