
<marc:record><marc:leader>00656 am a22001573  4500</marc:leader>
<marc:controlfield tag="001">000019719</marc:controlfield>
<marc:controlfield tag="003">Uk</marc:controlfield><marc:controlfield tag="005">20091125222000.0</marc:controlfield><marc:controlfield tag="008">870814|1887|||||||    ||    |||| |||||  </marc:controlfield><marc:datafield tag="040" ind1=" " ind2=" "><marc:subfield code="a">Uk</marc:subfield><marc:subfield code="c">Uk</marc:subfield></marc:datafield><marc:datafield tag="245" ind1="1" ind2="0"><marc:subfield code="a">Adey's Annual Popular Guide to Scarborough .. Illustrated. (Fourth yearly issue. Season 1887-88.).</marc:subfield></marc:datafield><marc:datafield tag="260" ind1=" " ind2=" "><marc:subfield code="a">London :</marc:subfield><marc:subfield code="b">Alexander &amp; Shepheard ;</marc:subfield><marc:subfield code="a">York :</marc:subfield><marc:subfield code="b">Sampson,</marc:subfield><marc:subfield code="c">[1887]</marc:subfield></marc:datafield><marc:datafield tag="300" ind1=" " ind2=" "><marc:subfield code="a">34 p. ;</marc:subfield><marc:subfield code="c">8º.</marc:subfield></marc:datafield><marc:datafield tag="720" ind1=" " ind2=" "><marc:subfield code="a">ADEY</marc:subfield><marc:subfield code="e">main entry</marc:subfield></marc:datafield><marc:datafield tag="852" ind1="4" ind2="1"><marc:subfield code="a">British Library</marc:subfield><marc:subfield code="b">HMNTS</marc:subfield><marc:subfield code="j">10361.g.12.</marc:subfield></marc:datafield><marc:datafield tag="852" ind1="4" ind2="1"><marc:subfield code="a">British Library</marc:subfield><marc:subfield code="b">HMNTS</marc:subfield><marc:subfield code="j">010358.f.72.</marc:subfield><marc:subfield code="3">[Another copy.] [Adey's Annual Popular Guide to Scarborough, etc.] [London: York, 1887.] 8º.***Imperfect; wanting the wrapper.</marc:subfield></marc:datafield></marc:record>