
<marc:record><marc:leader>00647cam a22001693  4500</marc:leader>
<marc:controlfield tag="001">000019723</marc:controlfield>
<marc:controlfield tag="003">Uk</marc:controlfield><marc:controlfield tag="005">20120210152800.0</marc:controlfield><marc:controlfield tag="008">870814|1831|||||||    ||     ||| |||||  </marc:controlfield><marc:datafield tag="040" ind1=" " ind2=" "><marc:subfield code="a">Uk</marc:subfield><marc:subfield code="c">Uk</marc:subfield></marc:datafield><marc:datafield tag="100" ind1="1" ind2=" "><marc:subfield code="a">ADEY, John.</marc:subfield></marc:datafield><marc:datafield tag="245" ind1="1" ind2="0"><marc:subfield code="a">Hymns, original and selected, intended principally as a supplement to Dr. Watt's Psalms and Hymns ... Second edition.</marc:subfield></marc:datafield><marc:datafield tag="260" ind1=" " ind2=" "><marc:subfield code="a">London :</marc:subfield><marc:subfield code="b">Westley &amp; Davies,</marc:subfield><marc:subfield code="c">1831.</marc:subfield></marc:datafield><marc:datafield tag="300" ind1=" " ind2=" "><marc:subfield code="c">32º.</marc:subfield></marc:datafield><marc:datafield tag="700" ind1="1" ind2=" "><marc:subfield code="a">Watts, Isaac,</marc:subfield><marc:subfield code="d">1674-1748.</marc:subfield><marc:subfield code="t">Hymns and Spiritual Songs. Appendix.</marc:subfield></marc:datafield><marc:datafield tag="852" ind1="4" ind2="1"><marc:subfield code="a">British Library</marc:subfield><marc:subfield code="b">HMNTS</marc:subfield><marc:subfield code="j">3440.p.27.</marc:subfield></marc:datafield><marc:datafield tag="886" ind1="2" ind2=" "><marc:subfield code="2">blmarc</marc:subfield><marc:subfield code="a">709</marc:subfield><marc:subfield code="b">00</marc:subfield><marc:subfield code="a">WATTS</marc:subfield><marc:subfield code="h">Isaac</marc:subfield><marc:subfield code="f">D.D.</marc:subfield><marc:subfield code="t">Hymns and Spiritual Songs</marc:subfield><marc:subfield code="t">Appendix</marc:subfield><marc:subfield code="p">3440.p.27.</marc:subfield><marc:subfield code="x">3462390201</marc:subfield></marc:datafield></marc:record>