
<marc:record><marc:leader>00797 am a22001813  4500</marc:leader>
<marc:controlfield tag="001">000019840</marc:controlfield>
<marc:controlfield tag="003">Uk</marc:controlfield><marc:controlfield tag="005">20091125222000.0</marc:controlfield><marc:controlfield tag="008">040123|1821|||||||    ||     ||| |||||  </marc:controlfield><marc:datafield tag="040" ind1=" " ind2=" "><marc:subfield code="a">Uk</marc:subfield><marc:subfield code="c">Uk</marc:subfield></marc:datafield><marc:datafield tag="100" ind1="1" ind2=" "><marc:subfield code="a">ADIE, Alexander James.</marc:subfield></marc:datafield><marc:datafield tag="245" ind1="1" ind2="0"><marc:subfield code="a">[Description of the Patent Sympiesometer, or new air barometer.]</marc:subfield></marc:datafield><marc:datafield tag="250" ind1=" " ind2=" "><marc:subfield code="a">[Another edition.]</marc:subfield></marc:datafield><marc:datafield tag="260" ind1=" " ind2=" "><marc:subfield code="a">[Edinburgh:] printed by Neill &amp; Co., Old Fishmarket, [1821?].</marc:subfield></marc:datafield><marc:datafield tag="300" ind1=" " ind2=" "><marc:subfield code="a">14, 4p. (8º); 22 cm.</marc:subfield></marc:datafield><marc:datafield tag="500" ind1=" " ind2=" "><marc:subfield code="a">Letter on p. 14 dated August 27 1820, and spine states “Edinb. 1820”. With the bookplate of B. Woodcroft. With the stamp of the Patent Office Library.</marc:subfield></marc:datafield><marc:datafield tag="787" ind1="0" ind2=" "><marc:subfield code="t">Description of the Patent Sympiesometer, or new air barometer.</marc:subfield><marc:subfield code="d">pp. 10. [Edinburgh? 1820?] 8º.</marc:subfield><marc:subfield code="w">(Uk)MP1.0000021970</marc:subfield></marc:datafield><marc:datafield tag="852" ind1="4" ind2="1"><marc:subfield code="a">British Library</marc:subfield><marc:subfield code="b">HMNTS</marc:subfield><marc:subfield code="j">RB.23.a.25935.</marc:subfield></marc:datafield></marc:record>