
<marc:record><marc:leader>00777cam a22001933  4500</marc:leader>
<marc:controlfield tag="001">000019874</marc:controlfield>
<marc:controlfield tag="003">Uk</marc:controlfield><marc:controlfield tag="005">20110224145400.0</marc:controlfield><marc:controlfield tag="008">870814|1882|||||||    ||     ||| |||||  </marc:controlfield><marc:datafield tag="040" ind1=" " ind2=" "><marc:subfield code="a">Uk</marc:subfield><marc:subfield code="c">Uk</marc:subfield></marc:datafield><marc:datafield tag="100" ind1="1" ind2=" "><marc:subfield code="a">ADIMARI, Alessandro.</marc:subfield></marc:datafield><marc:datafield tag="245" ind1="1" ind2="0"><marc:subfield code="a">[L'Adorazione de' Magi. Opera drammatica.]</marc:subfield></marc:datafield><marc:datafield tag="250" ind1=" " ind2=" "><marc:subfield code="a">[Another edition.] Pubblicata secondo la rarissima stampa del 1642, per cura di Alberto Bacchi della Lega.</marc:subfield></marc:datafield><marc:datafield tag="260" ind1=" " ind2=" "><marc:subfield code="a">Bologna,</marc:subfield><marc:subfield code="c">1882.</marc:subfield></marc:datafield><marc:datafield tag="300" ind1=" " ind2=" "><marc:subfield code="a">174 p. ;</marc:subfield><marc:subfield code="c">8º.</marc:subfield></marc:datafield><marc:datafield tag="700" ind1="1" ind2=" "><marc:subfield code="a">BACCHI DELLA LEGA, Alberto.</marc:subfield></marc:datafield><marc:datafield tag="787" ind1="0" ind2=" "><marc:subfield code="t">L'Adorazione de' Magi. Opera drammatica.</marc:subfield><marc:subfield code="d">pp. 130. F. Papini &amp; F. Sabatini: Fiorenza, 1642. 12º.</marc:subfield><marc:subfield code="w">(Uk)MP1.0000022010</marc:subfield></marc:datafield><marc:datafield tag="852" ind1="4" ind2="1"><marc:subfield code="a">British Library</marc:subfield><marc:subfield code="b">HMNTS</marc:subfield><marc:subfield code="j">12226.ccc.13.(1.)</marc:subfield></marc:datafield><marc:datafield tag="886" ind1="2" ind2=" "><marc:subfield code="2">blmarc</marc:subfield><marc:subfield code="a">709</marc:subfield><marc:subfield code="b">00</marc:subfield><marc:subfield code="a">BACCHI DELLA LEGA</marc:subfield><marc:subfield code="h">Alberto</marc:subfield><marc:subfield code="p">12226.ccc.13.(1.)</marc:subfield><marc:subfield code="x">0154220329</marc:subfield></marc:datafield></marc:record>