
<marc:record><marc:leader>00953cam a22001693  4500</marc:leader>
<marc:controlfield tag="001">000019936</marc:controlfield>
<marc:controlfield tag="003">Uk</marc:controlfield><marc:controlfield tag="005">20120224170000.0</marc:controlfield><marc:controlfield tag="008">870814|1812|||||||    ||     ||| |||||  </marc:controlfield><marc:datafield tag="040" ind1=" " ind2=" "><marc:subfield code="a">Uk</marc:subfield><marc:subfield code="c">Uk</marc:subfield></marc:datafield><marc:datafield tag="100" ind1="1" ind2=" "><marc:subfield code="a">Adis, Henry.</marc:subfield></marc:datafield><marc:datafield tag="245" ind1="1" ind2="3"><marc:subfield code="a">[A Fanatic's Address, humbly presented to the King, and his Peers ... discovering to them the innocency of his actings in the midst of the late revolutions of governments in this nation ... 1661.]</marc:subfield></marc:datafield><marc:datafield tag="250" ind1=" " ind2=" "><marc:subfield code="a">[Another edition.]</marc:subfield></marc:datafield><marc:datafield tag="260" ind1=" " ind2=" "><marc:subfield code="c">1812.</marc:subfield></marc:datafield><marc:datafield tag="580" ind1=" " ind2=" "><marc:subfield code="a">In : Somers (J.) Baron Somers. A Collection of scarce ... Tracts, etc. vol. 7. 1809, etc. 4º.</marc:subfield></marc:datafield><marc:datafield tag="787" ind1="0" ind2=" "><marc:subfield code="t">A Fanatic's Address, humbly presented to the King, and his Peers ... discovering to them the innocency of his actings in the midst of the late revolutions of governments in this nation ... 1661.</marc:subfield><marc:subfield code="n">In Somers (J.) Baron Somers. A Third Collection of scarce ... Tracts, etc. vol. 2. 1751. 4º.</marc:subfield><marc:subfield code="w">(Uk)MP1.0000022070</marc:subfield></marc:datafield><marc:datafield tag="852" ind1="4" ind2="1"><marc:subfield code="a">British Library</marc:subfield><marc:subfield code="b">HMNTS</marc:subfield><marc:subfield code="j">750.g.7.</marc:subfield></marc:datafield></marc:record>