
<marc:record><marc:leader>01021cam a22001693  4500</marc:leader>
<marc:controlfield tag="001">000020118</marc:controlfield>
<marc:controlfield tag="003">Uk</marc:controlfield><marc:controlfield tag="005">20120203162600.0</marc:controlfield><marc:controlfield tag="008">870814|1870|||||||    ||     ||| |||||  </marc:controlfield><marc:datafield tag="040" ind1=" " ind2=" "><marc:subfield code="a">Uk</marc:subfield><marc:subfield code="c">Uk</marc:subfield></marc:datafield><marc:datafield tag="100" ind1="1" ind2=" "><marc:subfield code="a">ADLARD, George.</marc:subfield></marc:datafield><marc:datafield tag="245" ind1="1" ind2="0"><marc:subfield code="a">Amye Robsart and the Earl of Leycester; a critical inquiry into the authenticity of the various statements in relation to the death of A. Robsart, and of the libels on the Earl of Leycester, with a vindication of the Earl by ... Sir Philip Sydney. And a history of Kenilworth Castle, including an account of the ... entertainment given to Queen Elizabeth by the Earl of Leycester, in 1575, from the works of Robert Laneham and George Gascoigne; together with Memoirs and Correspondence of Sir Robert Dudley, etc. [With plates.]</marc:subfield></marc:datafield><marc:datafield tag="260" ind1=" " ind2=" "><marc:subfield code="a">London :</marc:subfield><marc:subfield code="b">J. R. Smith,</marc:subfield><marc:subfield code="c">1870.</marc:subfield></marc:datafield><marc:datafield tag="300" ind1=" " ind2=" "><marc:subfield code="a">xi, 344 p. ;</marc:subfield><marc:subfield code="c">8º.</marc:subfield></marc:datafield><marc:datafield tag="700" ind1="1" ind2=" "><marc:subfield code="a">DUDLEY, Robert,</marc:subfield><marc:subfield code="c">Earl of Leicester.</marc:subfield></marc:datafield><marc:datafield tag="852" ind1="4" ind2="1"><marc:subfield code="a">British Library</marc:subfield><marc:subfield code="b">HMNTS</marc:subfield><marc:subfield code="j">10826.dd.8.</marc:subfield></marc:datafield><marc:datafield tag="886" ind1="2" ind2=" "><marc:subfield code="2">blmarc</marc:subfield><marc:subfield code="a">709</marc:subfield><marc:subfield code="b">00</marc:subfield><marc:subfield code="a">DUDLEY</marc:subfield><marc:subfield code="h">Robert</marc:subfield><marc:subfield code="f">Earl of Leicester</marc:subfield><marc:subfield code="p">10826.dd.8.</marc:subfield><marc:subfield code="x">0882040324</marc:subfield></marc:datafield></marc:record>