
<marc:record><marc:leader>00716cam a22001933  4500</marc:leader>
<marc:controlfield tag="001">000020133</marc:controlfield>
<marc:controlfield tag="003">Uk</marc:controlfield><marc:controlfield tag="005">20110311165800.0</marc:controlfield><marc:controlfield tag="008">870814|1873|||||||    ||     ||| |||||  </marc:controlfield><marc:datafield tag="040" ind1=" " ind2=" "><marc:subfield code="a">Uk</marc:subfield><marc:subfield code="c">Uk</marc:subfield></marc:datafield><marc:datafield tag="100" ind1="1" ind2=" "><marc:subfield code="a">ADLER, A.,</marc:subfield><marc:subfield code="c">Lehrer der Nationalökonomie zu Leipzig .</marc:subfield></marc:datafield><marc:datafield tag="245" ind1="1" ind2="0"><marc:subfield code="a">Ricardo und Carey in ihren Ansichten über die Grundrente. .</marc:subfield></marc:datafield><marc:datafield tag="260" ind1=" " ind2=" "><marc:subfield code="a">Leipzig,</marc:subfield><marc:subfield code="c">1873.</marc:subfield></marc:datafield><marc:datafield tag="300" ind1=" " ind2=" "><marc:subfield code="a">36 p. ;</marc:subfield><marc:subfield code="c">8º.</marc:subfield></marc:datafield><marc:datafield tag="700" ind1="1" ind2=" "><marc:subfield code="a">Carey, Henry Charles,</marc:subfield><marc:subfield code="d">1793-1879.</marc:subfield></marc:datafield><marc:datafield tag="700" ind1="1" ind2=" "><marc:subfield code="a">Ricardo, David,</marc:subfield><marc:subfield code="d"> 1772-1823.</marc:subfield><marc:subfield code="t">Appendix.</marc:subfield></marc:datafield><marc:datafield tag="852" ind1="4" ind2="1"><marc:subfield code="a">British Library</marc:subfield><marc:subfield code="b">HMNTS</marc:subfield><marc:subfield code="j">8207.g.7.(6.)</marc:subfield></marc:datafield><marc:datafield tag="886" ind1="2" ind2=" "><marc:subfield code="2">blmarc</marc:subfield><marc:subfield code="a">709</marc:subfield><marc:subfield code="b">00</marc:subfield><marc:subfield code="a">CAREY</marc:subfield><marc:subfield code="h">Henry Charles</marc:subfield><marc:subfield code="p">8207.g.7.(6.)</marc:subfield><marc:subfield code="x">0535030274</marc:subfield></marc:datafield><marc:datafield tag="886" ind1="2" ind2=" "><marc:subfield code="2">blmarc</marc:subfield><marc:subfield code="a">709</marc:subfield><marc:subfield code="b">00</marc:subfield><marc:subfield code="a">RICARDO</marc:subfield><marc:subfield code="h">David</marc:subfield><marc:subfield code="f">the Elder</marc:subfield><marc:subfield code="t">Appendix</marc:subfield><marc:subfield code="p">8207.g.7.(6.)</marc:subfield><marc:subfield code="x">2750690285</marc:subfield></marc:datafield></marc:record>