
<marc:record><marc:leader>00903cam a22001693  4500</marc:leader>
<marc:controlfield tag="001">000020134</marc:controlfield>
<marc:controlfield tag="003">Uk</marc:controlfield><marc:controlfield tag="005">20110311165800.0</marc:controlfield><marc:controlfield tag="008">870814|1845|||||||    ||     ||| |||||  </marc:controlfield><marc:datafield tag="040" ind1=" " ind2=" "><marc:subfield code="a">Uk</marc:subfield><marc:subfield code="c">Uk</marc:subfield></marc:datafield><marc:datafield tag="100" ind1="1" ind2=" "><marc:subfield code="a">ADLER, Abraham Jacob.</marc:subfield></marc:datafield><marc:datafield tag="245" ind1="1" ind2="0"><marc:subfield code="a">Das Judenthum und die Kritik. Ein Sendschreiben an Herrn Dr. F. W. Ghillani [in answer to his tract under that title].</marc:subfield></marc:datafield><marc:datafield tag="260" ind1=" " ind2=" "><marc:subfield code="a">Mannheim,</marc:subfield><marc:subfield code="c">1845.</marc:subfield></marc:datafield><marc:datafield tag="300" ind1=" " ind2=" "><marc:subfield code="a">16 p. ;</marc:subfield><marc:subfield code="c">8º.</marc:subfield></marc:datafield><marc:datafield tag="700" ind1="1" ind2=" "><marc:subfield code="a">GHILLANY, Friedrich Wilhelm.</marc:subfield><marc:subfield code="t">Das Judenthum und die Kritik, oder es bleibt bei den Menschenopfern der Hebräer, und bei der Nothwendigkeit einer zeitgemässen Reform des Judenthums.</marc:subfield></marc:datafield><marc:datafield tag="852" ind1="4" ind2="1"><marc:subfield code="a">British Library</marc:subfield><marc:subfield code="b">HMNTS</marc:subfield><marc:subfield code="j">4033.e.40.(6.)</marc:subfield></marc:datafield><marc:datafield tag="886" ind1="2" ind2=" "><marc:subfield code="2">blmarc</marc:subfield><marc:subfield code="a">709</marc:subfield><marc:subfield code="b">00</marc:subfield><marc:subfield code="a">GHILLANY</marc:subfield><marc:subfield code="h">Friedrich Wilhelm</marc:subfield><marc:subfield code="t">Das Judenthum und die Kritik, oder es bleibt bei den Menschenopfern der Hebräer, und bei der Nothwendigkeit einer zeitgemässen Reform des Judenthums.</marc:subfield><marc:subfield code="p">4033.e.40.(6.)</marc:subfield><marc:subfield code="x">1241020035</marc:subfield></marc:datafield></marc:record>