
<marc:record><marc:leader>00781 am a22001693  4500</marc:leader>
<marc:controlfield tag="001">000020138</marc:controlfield>
<marc:controlfield tag="003">Uk</marc:controlfield><marc:controlfield tag="005">20091125222100.0</marc:controlfield><marc:controlfield tag="008">870814|1842|||||||    ||     ||| |||||  </marc:controlfield><marc:datafield tag="040" ind1=" " ind2=" "><marc:subfield code="a">Uk</marc:subfield><marc:subfield code="c">Uk</marc:subfield></marc:datafield><marc:datafield tag="100" ind1="1" ind2=" "><marc:subfield code="a">ADLER, Adolph Peter.</marc:subfield></marc:datafield><marc:datafield tag="245" ind1="1" ind2="0"><marc:subfield code="a">En Anmœldelse, egentlig bestemt for “Tidsskrift for Litteratur og Kritik.” [On R. Nielsen's “Speculative Logik.”]</marc:subfield></marc:datafield><marc:datafield tag="260" ind1=" " ind2=" "><marc:subfield code="a">Kjöbenhavn,</marc:subfield><marc:subfield code="c">1842.</marc:subfield></marc:datafield><marc:datafield tag="300" ind1=" " ind2=" "><marc:subfield code="a">vi, 12 p. ;</marc:subfield><marc:subfield code="c">8º.</marc:subfield></marc:datafield><marc:datafield tag="700" ind1="1" ind2=" "><marc:subfield code="a">NIELSEN, Rasmus,</marc:subfield><marc:subfield code="c">Professor of Philosophy at Copenhagen University.</marc:subfield><marc:subfield code="t">Den speculative Logik i dans Grundtræk. Hæf. 1-4.</marc:subfield></marc:datafield><marc:datafield tag="852" ind1="4" ind2="1"><marc:subfield code="a">British Library</marc:subfield><marc:subfield code="b">HMNTS</marc:subfield><marc:subfield code="j">8466.bb.39.</marc:subfield></marc:datafield><marc:datafield tag="886" ind1="2" ind2=" "><marc:subfield code="2">blmarc</marc:subfield><marc:subfield code="a">709</marc:subfield><marc:subfield code="b">00</marc:subfield><marc:subfield code="a">NIELSEN</marc:subfield><marc:subfield code="h">Rasmus</marc:subfield><marc:subfield code="f">Professor of Philosophy at Copenhagen University</marc:subfield><marc:subfield code="t">Den speculative Logik i dans Grundtræk. Hæf. 1-4.</marc:subfield><marc:subfield code="p">8466.bb.39.</marc:subfield><marc:subfield code="x">2364410029</marc:subfield></marc:datafield></marc:record>