
<marc:record><marc:leader>00615 am a22001693  4500</marc:leader>
<marc:controlfield tag="001">000020150</marc:controlfield>
<marc:controlfield tag="003">Uk</marc:controlfield><marc:controlfield tag="005">20091125222100.0</marc:controlfield><marc:controlfield tag="008">930622|1842|||||||    ||     ||| |||||  </marc:controlfield><marc:datafield tag="040" ind1=" " ind2=" "><marc:subfield code="a">Uk</marc:subfield><marc:subfield code="c">Uk</marc:subfield></marc:datafield><marc:datafield tag="100" ind1="1" ind2=" "><marc:subfield code="a">ADLER, Adolph Peter.</marc:subfield></marc:datafield><marc:datafield tag="245" ind1="1" ind2="0"><marc:subfield code="a">Populaire Foredrag over Hegels objective Logik.</marc:subfield></marc:datafield><marc:datafield tag="260" ind1=" " ind2=" "><marc:subfield code="a">Kjøbenhavn,</marc:subfield><marc:subfield code="c">1842.</marc:subfield></marc:datafield><marc:datafield tag="300" ind1=" " ind2=" "><marc:subfield code="a">viii, 173 p. ;</marc:subfield><marc:subfield code="c">8º.</marc:subfield></marc:datafield><marc:datafield tag="700" ind1="1" ind2=" "><marc:subfield code="a">Hegel, Georg Wilhelm Friedrich,</marc:subfield><marc:subfield code="d">1770-1831</marc:subfield><marc:subfield code="t">Single Works. Wissenschaft der Logik.</marc:subfield></marc:datafield><marc:datafield tag="852" ind1="4" ind2="1"><marc:subfield code="a">British Library</marc:subfield><marc:subfield code="b">HMNTS</marc:subfield><marc:subfield code="j">8466.d.6.</marc:subfield></marc:datafield><marc:datafield tag="886" ind1="2" ind2=" "><marc:subfield code="2">blmarc</marc:subfield><marc:subfield code="a">709</marc:subfield><marc:subfield code="b">00</marc:subfield><marc:subfield code="a">HEGEL</marc:subfield><marc:subfield code="h">Georg Wilhelm Friedrich</marc:subfield><marc:subfield code="t">Single Works</marc:subfield><marc:subfield code="t">Wissenschaft der Logik</marc:subfield><marc:subfield code="p">8466.d.6.</marc:subfield><marc:subfield code="x">143407014X</marc:subfield></marc:datafield></marc:record>