
<marc:record><marc:leader>00663cam a22001813  4500</marc:leader>
<marc:controlfield tag="001">000020211</marc:controlfield>
<marc:controlfield tag="003">Uk</marc:controlfield><marc:controlfield tag="005">20120526172400.0</marc:controlfield><marc:controlfield tag="008">870814|1824|||||||    ||     ||| |||||  </marc:controlfield><marc:datafield tag="040" ind1=" " ind2=" "><marc:subfield code="a">Uk</marc:subfield><marc:subfield code="c">Uk</marc:subfield></marc:datafield><marc:datafield tag="100" ind1="1" ind2=" "><marc:subfield code="a">ADLER, Carl Friedrich,</marc:subfield><marc:subfield code="c">Rector of the School at Sorau.</marc:subfield></marc:datafield><marc:datafield tag="245" ind1="1" ind2="0"><marc:subfield code="a">Fabula dramatis Sophoclei, quod inscribitur Oedipus Coloneus. [A commentary.]</marc:subfield></marc:datafield><marc:datafield tag="260" ind1=" " ind2=" "><marc:subfield code="c">[1824]</marc:subfield></marc:datafield><marc:datafield tag="300" ind1=" " ind2=" "><marc:subfield code="c">8º.</marc:subfield></marc:datafield><marc:datafield tag="580" ind1=" " ind2=" "><marc:subfield code="a">In : Sorau.-Gymnasium. [Programmes, etc.] [1816, etc.] 8º, etc.</marc:subfield></marc:datafield><marc:datafield tag="700" ind1="0" ind2=" "><marc:subfield code="a">Sophocles.</marc:subfield><marc:subfield code="t"> Oedipus Coloneus. Appendix.</marc:subfield></marc:datafield><marc:datafield tag="852" ind1="4" ind2="1"><marc:subfield code="a">British Library</marc:subfield><marc:subfield code="b">HMNTS</marc:subfield><marc:subfield code="j">8358.cc.16.</marc:subfield></marc:datafield><marc:datafield tag="886" ind1="2" ind2=" "><marc:subfield code="2">blmarc</marc:subfield><marc:subfield code="a">709</marc:subfield><marc:subfield code="b">00</marc:subfield><marc:subfield code="a">SOPHOCLES</marc:subfield><marc:subfield code="t">Oedipus Coloneus</marc:subfield><marc:subfield code="t">Appendix</marc:subfield><marc:subfield code="p">8358.cc.16.</marc:subfield><marc:subfield code="x">3080620100</marc:subfield></marc:datafield></marc:record>