
<marc:record><marc:leader>00889cam a22001693  4500</marc:leader>
<marc:controlfield tag="001">000020222</marc:controlfield>
<marc:controlfield tag="003">Uk</marc:controlfield><marc:controlfield tag="005">20120224170000.0</marc:controlfield><marc:controlfield tag="008">870814|1856|||||||    ||     ||| |||||  </marc:controlfield><marc:datafield tag="040" ind1=" " ind2=" "><marc:subfield code="a">Uk</marc:subfield><marc:subfield code="c">Uk</marc:subfield></marc:datafield><marc:datafield tag="100" ind1="1" ind2=" "><marc:subfield code="a">ADLER, Caspar.</marc:subfield></marc:datafield><marc:datafield tag="245" ind1="1" ind2="0"><marc:subfield code="a">[Ein fröliche Trostpredig, für die sehr geengstigten gewissen, sie mütig vnd erquickt zumachen, aus dem Propheten Zephania, etc.]</marc:subfield></marc:datafield><marc:datafield tag="250" ind1=" " ind2=" "><marc:subfield code="a">[Another edition.] Predigt über Zephania 3, 14.-über das alte christliche Lied: Ein Kindelein so löbelich.</marc:subfield></marc:datafield><marc:datafield tag="260" ind1=" " ind2=" "><marc:subfield code="c">1856.</marc:subfield></marc:datafield><marc:datafield tag="580" ind1=" " ind2=" "><marc:subfield code="a">In : Beste (A. F. W.) Die bedeutendsten Kanzelredner der älteren lutherischen Kirche, etc. Bd. 1. 1856, etc. 8º.</marc:subfield></marc:datafield><marc:datafield tag="787" ind1="0" ind2=" "><marc:subfield code="t">Ein fröliche Trostpredig, für die sehr geengstigten gewissen, sie mütig vnd erquickt zumachen, aus dem Propheten Zephania, etc.</marc:subfield><marc:subfield code="d">M. Lotther: Magdeburg, 1550. 4º.</marc:subfield><marc:subfield code="w">(Uk)MP1.0000022356</marc:subfield></marc:datafield><marc:datafield tag="852" ind1="4" ind2="1"><marc:subfield code="a">British Library</marc:subfield><marc:subfield code="b">HMNTS</marc:subfield><marc:subfield code="j">4428.e.8.</marc:subfield></marc:datafield></marc:record>