
<marc:record><marc:leader>00903cam a2200205 a 4500</marc:leader>
<marc:controlfield tag="001">000020235</marc:controlfield>
<marc:controlfield tag="003">Uk</marc:controlfield><marc:controlfield tag="005">20130521133959.0</marc:controlfield><marc:controlfield tag="008">870814s1887    mdu    ||c    0|| 0|eng  </marc:controlfield><marc:datafield tag="040" ind1=" " ind2=" "><marc:subfield code="a">Uk</marc:subfield><marc:subfield code="b">eng</marc:subfield><marc:subfield code="c">Uk</marc:subfield></marc:datafield><marc:datafield tag="050" ind1=" " ind2="4"><marc:subfield code="a">Z988</marc:subfield><marc:subfield code="b">.A354 1887</marc:subfield></marc:datafield><marc:datafield tag="100" ind1="1" ind2=" "><marc:subfield code="a">Adler, Cyrus,</marc:subfield><marc:subfield code="d">1863-1940.</marc:subfield></marc:datafield><marc:datafield tag="245" ind1="1" ind2="0"><marc:subfield code="a">Catalogue of a Hebrew library :</marc:subfield><marc:subfield code="b">being the collection, with a few additions, of the late Joshua I. Cohen, M.D. of Baltimore now in the possession of Mrs. Harriett Cohen /</marc:subfield><marc:subfield code="c">compiled by Cyrus Adler.</marc:subfield></marc:datafield><marc:datafield tag="260" ind1=" " ind2=" "><marc:subfield code="a">Baltimore :</marc:subfield><marc:subfield code="b">Privately printed,</marc:subfield><marc:subfield code="c">1887.</marc:subfield></marc:datafield><marc:datafield tag="300" ind1=" " ind2=" "><marc:subfield code="a">47 p. ;</marc:subfield><marc:subfield code="c">23 cm.</marc:subfield></marc:datafield><marc:datafield tag="600" ind1="1" ind2="0"><marc:subfield code="a">Cohen, Joshua I.</marc:subfield></marc:datafield><marc:datafield tag="650" ind1=" " ind2="0"><marc:subfield code="a">Hebrew imprints</marc:subfield><marc:subfield code="v">Catalogs.</marc:subfield></marc:datafield><marc:datafield tag="752" ind1=" " ind2=" "><marc:subfield code="a">United States</marc:subfield><marc:subfield code="b">Maryland</marc:subfield><marc:subfield code="d">Baltimore.</marc:subfield></marc:datafield><marc:datafield tag="776" ind1="0" ind2="8"><marc:subfield code="i">Online version:</marc:subfield><marc:subfield code="a">Adler, Cyrus, 1863-1940.</marc:subfield><marc:subfield code="t">Catalogue of a Hebrew library.</marc:subfield><marc:subfield code="w">(OCoLC)579222999</marc:subfield><marc:subfield code="d">Baltimore : Privately printed ; Press of Isaac Friedenwald, 1887</marc:subfield></marc:datafield><marc:datafield tag="852" ind1="4" ind2="1"><marc:subfield code="a">British Library</marc:subfield><marc:subfield code="b">HMNTS</marc:subfield><marc:subfield code="j">011903.k.13.</marc:subfield></marc:datafield></marc:record>