
<marc:record><marc:leader>00408cam a22001333  4500</marc:leader>
<marc:controlfield tag="001">000020318</marc:controlfield>
<marc:controlfield tag="003">Uk</marc:controlfield><marc:controlfield tag="005">20130504005300.0</marc:controlfield><marc:controlfield tag="008">870814|1900|||||||    ||     ||| |||||  </marc:controlfield><marc:datafield tag="040" ind1=" " ind2=" "><marc:subfield code="a">Uk</marc:subfield><marc:subfield code="c">Uk</marc:subfield></marc:datafield><marc:datafield tag="100" ind1="1" ind2=" "><marc:subfield code="a">ADLER, Friedrich</marc:subfield><marc:subfield code="c">(Architect)</marc:subfield></marc:datafield><marc:datafield tag="245" ind1="1" ind2="0"><marc:subfield code="a">Deutsche Kunst in Böhmen. Die neuere Kunst.</marc:subfield></marc:datafield><marc:datafield tag="580" ind1=" " ind2=" "><marc:subfield code="a">In : Bachmann (H.) Deutsche Arbeit in Böhmen, etc. 1900. 8º.</marc:subfield></marc:datafield><marc:datafield tag="852" ind1="4" ind2="1"><marc:subfield code="a">British Library</marc:subfield><marc:subfield code="b">HMNTS</marc:subfield><marc:subfield code="j">09315.e.25.</marc:subfield></marc:datafield></marc:record>