
<marc:record><marc:leader>00838cam a22002053  4500</marc:leader>
<marc:controlfield tag="001">000020338</marc:controlfield>
<marc:controlfield tag="003">Uk</marc:controlfield><marc:controlfield tag="005">20081127114656.0</marc:controlfield><marc:controlfield tag="008">960301|1895|||||||    ||     ||| |||||  </marc:controlfield><marc:datafield tag="040" ind1=" " ind2=" "><marc:subfield code="a">Uk</marc:subfield><marc:subfield code="c">Uk</marc:subfield></marc:datafield><marc:datafield tag="100" ind1="1" ind2=" "><marc:subfield code="a">ADLER, Fritz.</marc:subfield></marc:datafield><marc:datafield tag="245" ind1="1" ind2="0"><marc:subfield code="a">Das Verhältniss von Shakespeare's “Antony and Cleopatra” zu Plutarch's Biographie des Antonius.</marc:subfield></marc:datafield><marc:datafield tag="260" ind1=" " ind2=" "><marc:subfield code="c">1895.</marc:subfield></marc:datafield><marc:datafield tag="580" ind1=" " ind2=" "><marc:subfield code="a">In: Weimar.-Deutsche Shakespeare-Gesellschaft. Jahrbuch. Jahrg. 31. 1865, etc. 8º.</marc:subfield></marc:datafield><marc:datafield tag="600" ind1="1" ind2="0"><marc:subfield code="a">Shakespeare, William,</marc:subfield><marc:subfield code="d">1564-1616.</marc:subfield><marc:subfield code="t">Antony and Cleopatra.</marc:subfield></marc:datafield><marc:datafield tag="600" ind1="0" ind2="0"><marc:subfield code="a">Plutarch.</marc:subfield><marc:subfield code="t">Vitæ parallelæ.</marc:subfield></marc:datafield><marc:datafield tag="700" ind1="1" ind2=" "><marc:subfield code="a">ANTONIUS, Marcus,</marc:subfield><marc:subfield code="c">the Triumvir.</marc:subfield></marc:datafield><marc:datafield tag="852" ind1="4" ind2="1"><marc:subfield code="a">British Library</marc:subfield><marc:subfield code="b">HMNTS</marc:subfield><marc:subfield code="j">Ac.9423/5.</marc:subfield></marc:datafield><marc:datafield tag="886" ind1="2" ind2=" "><marc:subfield code="2">blmarc</marc:subfield><marc:subfield code="a">709</marc:subfield><marc:subfield code="b">00</marc:subfield><marc:subfield code="a">ANTONIUS</marc:subfield><marc:subfield code="h">Marcus</marc:subfield><marc:subfield code="f">the Triumvir</marc:subfield><marc:subfield code="p">Ac.9423/5.</marc:subfield><marc:subfield code="x">009338033X</marc:subfield></marc:datafield><marc:datafield tag="886" ind1="2" ind2=" "><marc:subfield code="2">blmarc</marc:subfield><marc:subfield code="a">709</marc:subfield><marc:subfield code="b">00</marc:subfield><marc:subfield code="a">PLUTARCH</marc:subfield><marc:subfield code="t">Vitæ Parallelæ</marc:subfield><marc:subfield code="t">Appendix</marc:subfield><marc:subfield code="p">Ac.9423/5.</marc:subfield><marc:subfield code="x">2610980027</marc:subfield></marc:datafield></marc:record>