
<marc:record><marc:leader>00804cam a22001693  4500</marc:leader>
<marc:controlfield tag="001">000020359</marc:controlfield>
<marc:controlfield tag="003">Uk</marc:controlfield><marc:controlfield tag="005">20110311165800.0</marc:controlfield><marc:controlfield tag="008">870814|1858|||||||    ||     ||| |||||  </marc:controlfield><marc:datafield tag="040" ind1=" " ind2=" "><marc:subfield code="a">Uk</marc:subfield><marc:subfield code="c">Uk</marc:subfield></marc:datafield><marc:datafield tag="100" ind1="1" ind2=" "><marc:subfield code="a">ADLER, Georg Christian,</marc:subfield><marc:subfield code="c">of Brandenburg.</marc:subfield></marc:datafield><marc:datafield tag="245" ind1="1" ind2="0"><marc:subfield code="a">Nicolaus Lange und Matthias Bahil. Zwei Lebensbilder aus der evangelisch-lutherischen Kirche, etc. [Based respectively on an account by Georg Christian Adler in E. H. von Henckel's “Die letzten Stunden einiger der evangelischen Lehre zugethaner ... Personen” and on Bahil's “Tristissima Ecclesiarum Hungariae Protestantium facies.”]</marc:subfield></marc:datafield><marc:datafield tag="260" ind1=" " ind2=" "><marc:subfield code="a">Eisleben,</marc:subfield><marc:subfield code="c">1858.</marc:subfield></marc:datafield><marc:datafield tag="300" ind1=" " ind2=" "><marc:subfield code="a">185 p. ;</marc:subfield><marc:subfield code="c">12º.</marc:subfield></marc:datafield><marc:datafield tag="700" ind1="1" ind2=" "><marc:subfield code="a">BAHIL, Matthias.</marc:subfield></marc:datafield><marc:datafield tag="852" ind1="4" ind2="1"><marc:subfield code="a">British Library</marc:subfield><marc:subfield code="b">HMNTS</marc:subfield><marc:subfield code="j">4886.a.23.</marc:subfield></marc:datafield><marc:datafield tag="886" ind1="2" ind2=" "><marc:subfield code="2">blmarc</marc:subfield><marc:subfield code="a">709</marc:subfield><marc:subfield code="b">00</marc:subfield><marc:subfield code="a">BAHIL</marc:subfield><marc:subfield code="h">Matthias</marc:subfield><marc:subfield code="p">4886.a.23.</marc:subfield><marc:subfield code="x">0162800215</marc:subfield></marc:datafield></marc:record>