
<marc:record><marc:leader>01038cam a22002053  4500</marc:leader>
<marc:controlfield tag="001">000020363</marc:controlfield>
<marc:controlfield tag="003">Uk</marc:controlfield><marc:controlfield tag="005">20130520180000.0</marc:controlfield><marc:controlfield tag="008">870814|1857||||xxu    ||     ||| |||||  </marc:controlfield><marc:datafield tag="040" ind1=" " ind2=" "><marc:subfield code="a">Uk</marc:subfield><marc:subfield code="c">Uk</marc:subfield></marc:datafield><marc:datafield tag="100" ind1="1" ind2=" "><marc:subfield code="a">ADLER, Georg J.</marc:subfield></marc:datafield><marc:datafield tag="245" ind1="1" ind2="2"><marc:subfield code="a">A Dictionary of the German and English Languages ... Fourth revised edition.</marc:subfield></marc:datafield><marc:datafield tag="260" ind1=" " ind2=" "><marc:subfield code="a">New York :</marc:subfield><marc:subfield code="b">D. Appleton &amp; Co.,</marc:subfield><marc:subfield code="c">1857.</marc:subfield></marc:datafield><marc:datafield tag="300" ind1=" " ind2=" "><marc:subfield code="a">2 pt. ;</marc:subfield><marc:subfield code="c">8º.</marc:subfield></marc:datafield><marc:datafield tag="700" ind1="1" ind2=" "><marc:subfield code="a">FOSTER, Frank Pierce.</marc:subfield></marc:datafield><marc:datafield tag="775" ind1="0" ind2=" "><marc:subfield code="t">[A Dictionary of the German and English Languages ... Fourth revised edition.]</marc:subfield><marc:subfield code="d">2 pt. D. Appleton &amp; Co.: New York, 1864. 8º.</marc:subfield><marc:subfield code="w">(Uk)MP1.0000022493.1</marc:subfield></marc:datafield><marc:datafield tag="775" ind1="0" ind2=" "><marc:subfield code="t">[A Dictionary of the German and English Languages ... Fourth revised edition.]</marc:subfield><marc:subfield code="d">2 pt. D. Appleton &amp; Co.: New York, 1890. 8º.</marc:subfield><marc:subfield code="w">(Uk)MP1.0000022493.2</marc:subfield></marc:datafield><marc:datafield tag="775" ind1="0" ind2=" "><marc:subfield code="t">[A Dictionary of the German and English Languages ... Fourth revised edition.]</marc:subfield><marc:subfield code="d">2 pt. D. Appleton &amp; Co.: New York, 1902, 03. 8º.</marc:subfield><marc:subfield code="w">(Uk)MP1.0000022493.3</marc:subfield></marc:datafield><marc:datafield tag="852" ind1="4" ind2="1"><marc:subfield code="a">British Library</marc:subfield><marc:subfield code="b">HMNTS</marc:subfield><marc:subfield code="j">12962.k.1.</marc:subfield></marc:datafield><marc:datafield tag="886" ind1="2" ind2=" "><marc:subfield code="2">blmarc</marc:subfield><marc:subfield code="a">709</marc:subfield><marc:subfield code="b">00</marc:subfield><marc:subfield code="a">FOSTER</marc:subfield><marc:subfield code="h">Frank Pierce</marc:subfield><marc:subfield code="p">12963.p.</marc:subfield><marc:subfield code="x">112134027X</marc:subfield></marc:datafield></marc:record>