
<marc:record><marc:leader>01092cam a22002653  4500</marc:leader>
<marc:controlfield tag="001">000020364</marc:controlfield>
<marc:controlfield tag="003">Uk</marc:controlfield><marc:controlfield tag="005">20130520180000.0</marc:controlfield><marc:controlfield tag="008">870814|1864||||xxu    ||     ||| |||||  </marc:controlfield><marc:datafield tag="040" ind1=" " ind2=" "><marc:subfield code="a">Uk</marc:subfield><marc:subfield code="c">Uk</marc:subfield></marc:datafield><marc:datafield tag="100" ind1="1" ind2=" "><marc:subfield code="a">ADLER, Georg J.</marc:subfield></marc:datafield><marc:datafield tag="245" ind1="1" ind2="3"><marc:subfield code="a">[A Dictionary of the German and English Languages ... Fourth revised edition.]</marc:subfield></marc:datafield><marc:datafield tag="250" ind1=" " ind2=" "><marc:subfield code="a">Sixth revised edition.</marc:subfield></marc:datafield><marc:datafield tag="260" ind1=" " ind2=" "><marc:subfield code="a">New York :</marc:subfield><marc:subfield code="b">D. Appleton &amp; Co.,</marc:subfield><marc:subfield code="c">1864.</marc:subfield></marc:datafield><marc:datafield tag="300" ind1=" " ind2=" "><marc:subfield code="a">2 pt. ;</marc:subfield><marc:subfield code="c">8º.</marc:subfield></marc:datafield><marc:datafield tag="700" ind1="1" ind2=" "><marc:subfield code="a">FLUEGEL, Johann Gottfried.</marc:subfield></marc:datafield><marc:datafield tag="700" ind1="1" ind2=" "><marc:subfield code="a">HEYSE, Carl Wilhelm Ludwig.</marc:subfield></marc:datafield><marc:datafield tag="700" ind1="1" ind2=" "><marc:subfield code="a">HILPERT, Joseph Leonhard.</marc:subfield></marc:datafield><marc:datafield tag="720" ind1=" " ind2=" "><marc:subfield code="a">GRIEB</marc:subfield></marc:datafield><marc:datafield tag="787" ind1="0" ind2=" "><marc:subfield code="t">A Dictionary of the German and English Languages ... Fourth revised edition.</marc:subfield><marc:subfield code="d">2 pt. D. Appleton &amp; Co.: New York, 1857. 8º.</marc:subfield><marc:subfield code="w">(Uk)MP1.0000022493</marc:subfield></marc:datafield><marc:datafield tag="852" ind1="4" ind2="1"><marc:subfield code="a">British Library</marc:subfield><marc:subfield code="b">HMNTS</marc:subfield><marc:subfield code="j">12963.k.5.</marc:subfield></marc:datafield><marc:datafield tag="886" ind1="2" ind2=" "><marc:subfield code="2">blmarc</marc:subfield><marc:subfield code="a">709</marc:subfield><marc:subfield code="b">00</marc:subfield><marc:subfield code="a">FLUEGEL</marc:subfield><marc:subfield code="h">Johann Gottfried</marc:subfield><marc:subfield code="p">12963.k.5.</marc:subfield><marc:subfield code="x">1104140128</marc:subfield></marc:datafield><marc:datafield tag="886" ind1="2" ind2=" "><marc:subfield code="2">blmarc</marc:subfield><marc:subfield code="a">709</marc:subfield><marc:subfield code="b">00</marc:subfield><marc:subfield code="a">GRIEB</marc:subfield><marc:subfield code="p">12963.k.5.</marc:subfield><marc:subfield code="x">1323880070</marc:subfield></marc:datafield><marc:datafield tag="886" ind1="2" ind2=" "><marc:subfield code="2">blmarc</marc:subfield><marc:subfield code="a">709</marc:subfield><marc:subfield code="b">00</marc:subfield><marc:subfield code="a">HEYSE</marc:subfield><marc:subfield code="h">Carl Wilhelm Ludwig</marc:subfield><marc:subfield code="p">12963.k.5.</marc:subfield><marc:subfield code="x">1472900219</marc:subfield></marc:datafield><marc:datafield tag="886" ind1="2" ind2=" "><marc:subfield code="2">blmarc</marc:subfield><marc:subfield code="a">709</marc:subfield><marc:subfield code="b">00</marc:subfield><marc:subfield code="a">HILPERT</marc:subfield><marc:subfield code="h">Joseph Leonhard</marc:subfield><marc:subfield code="p">12963.k.5.</marc:subfield><marc:subfield code="x">1482530104</marc:subfield></marc:datafield></marc:record>