
<marc:record><marc:leader>00626 am a22001693  4500</marc:leader>
<marc:controlfield tag="001">000020424</marc:controlfield>
<marc:controlfield tag="003">Uk</marc:controlfield><marc:controlfield tag="005">20091125222100.0</marc:controlfield><marc:controlfield tag="008">870814|1882|||||||    ||     ||| |||||  </marc:controlfield><marc:datafield tag="040" ind1=" " ind2=" "><marc:subfield code="a">Uk</marc:subfield><marc:subfield code="c">Uk</marc:subfield></marc:datafield><marc:datafield tag="100" ind1="1" ind2=" "><marc:subfield code="a">ADLER, Helene.</marc:subfield></marc:datafield><marc:datafield tag="245" ind1="1" ind2="0"><marc:subfield code="a">Religion und Moral. Ein Beitrag zur Erziehungsfrage vom Standpunkte der schopenhauerschen Ethik ... Abgedruckt aus dem “Menschenthum,” etc.</marc:subfield></marc:datafield><marc:datafield tag="260" ind1=" " ind2=" "><marc:subfield code="a">Gotha,</marc:subfield><marc:subfield code="c">1882.</marc:subfield></marc:datafield><marc:datafield tag="300" ind1=" " ind2=" "><marc:subfield code="a">23 p. ;</marc:subfield><marc:subfield code="c">8º.</marc:subfield></marc:datafield><marc:datafield tag="700" ind1="1" ind2=" "><marc:subfield code="a">Schopenhauer, Arthur,</marc:subfield><marc:subfield code="d">1788-1860</marc:subfield><marc:subfield code="t">Appendix.</marc:subfield></marc:datafield><marc:datafield tag="852" ind1="4" ind2="1"><marc:subfield code="a">British Library</marc:subfield><marc:subfield code="b">HMNTS</marc:subfield><marc:subfield code="j">8304.d.13.(1.)</marc:subfield></marc:datafield><marc:datafield tag="886" ind1="2" ind2=" "><marc:subfield code="2">blmarc</marc:subfield><marc:subfield code="a">709</marc:subfield><marc:subfield code="b">00</marc:subfield><marc:subfield code="a">SCHOPENHAUER</marc:subfield><marc:subfield code="h">Arthur</marc:subfield><marc:subfield code="t">Appendix</marc:subfield><marc:subfield code="p">8304.d.13.(1.)</marc:subfield><marc:subfield code="x">2941380019</marc:subfield></marc:datafield></marc:record>