
<marc:record><marc:leader>00766 am a22001933  4500</marc:leader>
<marc:controlfield tag="001">000020599</marc:controlfield>
<marc:controlfield tag="003">Uk</marc:controlfield><marc:controlfield tag="005">20091125222100.0</marc:controlfield><marc:controlfield tag="008">870814|1887|||||||    ||     ||| |||||  </marc:controlfield><marc:datafield tag="040" ind1=" " ind2=" "><marc:subfield code="a">Uk</marc:subfield><marc:subfield code="c">Uk</marc:subfield></marc:datafield><marc:datafield tag="100" ind1="1" ind2=" "><marc:subfield code="a">ADLER, Marcus Nathan.</marc:subfield></marc:datafield><marc:datafield tag="245" ind1="1" ind2="5"><marc:subfield code="a">[The Temple at Jerusalem.]</marc:subfield></marc:datafield><marc:datafield tag="250" ind1=" " ind2=" "><marc:subfield code="a">[Another edition.] With a report of the remarks of ... Sir C. Warren, etc.</marc:subfield></marc:datafield><marc:datafield tag="260" ind1=" " ind2=" "><marc:subfield code="a">pp. 18. “Jewish Chronicle”: London, 1887.</marc:subfield></marc:datafield><marc:datafield tag="300" ind1=" " ind2=" "><marc:subfield code="a">8º.</marc:subfield></marc:datafield><marc:datafield tag="700" ind1="1" ind2=" "><marc:subfield code="a">WARREN, Charles,</marc:subfield><marc:subfield code="c">Sir,</marc:subfield><marc:subfield code="c">G.C.M.G.</marc:subfield></marc:datafield><marc:datafield tag="787" ind1="0" ind2=" "><marc:subfield code="t">The Temple at Jerusalem.</marc:subfield><marc:subfield code="n">In London.-III. Jews' College.-Jews' College Literary Society. Papers, etc. 1887. 4º.</marc:subfield><marc:subfield code="w">(Uk)MP1.0000022725</marc:subfield></marc:datafield><marc:datafield tag="852" ind1="4" ind2="1"><marc:subfield code="a">British Library</marc:subfield><marc:subfield code="b">HMNTS</marc:subfield><marc:subfield code="j">3149.i.2.(4.)</marc:subfield></marc:datafield><marc:datafield tag="886" ind1="2" ind2=" "><marc:subfield code="2">blmarc</marc:subfield><marc:subfield code="a">709</marc:subfield><marc:subfield code="b">00</marc:subfield><marc:subfield code="a">WARREN</marc:subfield><marc:subfield code="e">Sir</marc:subfield><marc:subfield code="h">Charles</marc:subfield><marc:subfield code="f">G.C.M.G.</marc:subfield><marc:subfield code="p">3149.i.2.(4.)</marc:subfield><marc:subfield code="x">3452530027</marc:subfield></marc:datafield></marc:record>